@inproceedings{DBLP:conf/ecir/SuomelaK05,
  author    = {Sari Suomela and
               Jaana Kek{\"a}l{\"a}inen},
  title     = {Ontology as a Search-Tool: A Study of Real Users' Query
               Formulation With and Without Conceptual Support},
  booktitle = {ECIR},
  year      = {2005},
  pages     = {315-329},
  ee        = {http://dx.doi.org/10.1007/978-3-540-31865-1_23},
%  crossref  = {DBLP:conf/ecir/2005},
  bibsource = {DBLP, http://dblp.uni-trier.de}
}


@inproceedings{DBLP:conf/sigmod/KiferL89,
  author    = {Michael Kifer and
               Georg Lausen},
  title     = {F-Logic: A Higher-Order language for Reasoning about Objects,
               Inheritance, and Scheme},
  booktitle = {SIGMOD Conference},
  year      = {1989},
  pages     = {134-146},
  ee        = {http://doi.acm.org/10.1145/67544.66939, db/conf/sigmod/KiferL89.html},
  crossref  = {DBLP:conf/sigmod/89},
  bibsource = {DBLP, http://dblp.uni-trier.de}
}

@article{DBLP:journals/tois/EgoziMG11,
  author    = {Ofer Egozi and
               Shaul Markovitch and
               Evgeniy Gabrilovich},
  title     = {Concept-Based Information Retrieval Using Explicit Semantic
               Analysis},
  journal   = {ACM Trans. Inf. Syst.},
  volume    = {29},
  number    = {2},
  year      = {2011},
  pages     = {8},
  ee        = {http://doi.acm.org/10.1145/1961209.1961211},
  bibsource = {DBLP, http://dblp.uni-trier.de}
}

@inproceedings{DBLP:conf/www/SuchanekSW09,
  author    = {Fabian M. Suchanek and
               Mauro Sozio and
               Gerhard Weikum},
  title     = {SOFIE: a self-organizing framework for information extraction},
  booktitle = {WWW},
  year      = {2009},
  pages     = {631-640},
  ee        = {http://doi.acm.org/10.1145/1526709.1526794},
  crossref  = {DBLP:conf/www/2009},
  bibsource = {DBLP, http://dblp.uni-trier.de}
}


@inproceedings{DBLP:conf/icml/ZhuNWZM05,
  author    = {Jun Zhu and
               Zaiqing Nie and
               Ji-Rong Wen and
               Bo Zhang and
               Wei-Ying Ma},
  title     = {2D Conditional Random Fields for Web information extraction},
  booktitle = {ICML},
  year      = {2005},
  pages     = {1044-1051},
  ee        = {http://doi.acm.org/10.1145/1102351.1102483},
  crossref  = {DBLP:conf/icml/2005},
  bibsource = {DBLP, http://dblp.uni-trier.de}
}

@inproceedings{DBLP:conf/ijcai/EtzioniFCSM11,
  author    = {Oren Etzioni and
               Anthony Fader and
               Janara Christensen and
               Stephen Soderland and
               Mausam},
  title     = {Open Information Extraction: The Second Generation},
  booktitle = {IJCAI},
  year      = {2011},
  pages     = {3-10},
  ee        = {http://ijcai.org/papers11/Papers/IJCAI11-012.pdf},
  crossref  = {DBLP:conf/ijcai/2011},
  bibsource = {DBLP, http://dblp.uni-trier.de}
}


@article{DBLP:journals/tkde/ChangKGS06,
  author    = {Chia-Hui Chang and
               Mohammed Kayed and
               Moheb R. Girgis and
               Khaled F. Shaalan},
  title     = {A Survey of Web Information Extraction Systems},
  journal   = {IEEE Trans. Knowl. Data Eng.},
  volume    = {18},
  number    = {10},
  year      = {2006},
  pages     = {1411-1428},
  ee        = {http://doi.ieeecomputersociety.org/10.1109/TKDE.2006.152},
  bibsource = {DBLP, http://dblp.uni-trier.de}
}

@article{DBLP:journals/ijmso/Mangold07,
  author    = {Christoph Mangold},
  title     = {A survey and classification of semantic search approaches},
  journal   = {IJMSO},
  volume    = {2},
  number    = {1},
  year      = {2007},
  pages     = {23-34},
  ee        = {http://dx.doi.org/10.1504/IJMSO.2007.015073},
  bibsource = {DBLP, http://dblp.uni-trier.de}
}

@inproceedings{DBLP:conf/esws/TranMH10,
  author    = {Thanh Tran and
               Tobias Math{\"a}{\ss} and
               Peter Haase},
  title     = {Usability of Keyword-Driven Schema-Agnostic Search},
  booktitle = {ESWC (2)},
  year      = {2010},
  pages     = {349-364},
  ee        = {http://dx.doi.org/10.1007/978-3-642-13489-0_24},
  crossref  = {DBLP:conf/esws/2010-2},
  bibsource = {DBLP, http://dblp.uni-trier.de}
}

@inproceedings{DBLP:conf/semweb/KaufmannB07,
  author    = {Esther Kaufmann and
               Abraham Bernstein},
  title     = {How Useful Are Natural Language Interfaces to the Semantic
               Web for Casual End-Users?},
  booktitle = {ISWC/ASWC},
  year      = {2007},
  pages     = {281-294},
  ee        = {http://dx.doi.org/10.1007/978-3-540-76298-0_21},
  crossref  = {DBLP:conf/semweb/2007},
  bibsource = {DBLP, http://dblp.uni-trier.de}
}

@inproceedings{DBLP:conf/trec/JelierSEWMSMK03,
  author    = {Rob Jelier and
               Martijn J. Schuemie and
               C. Christiaan van der Eijk and
               Marc Weeber and
               Erik M. van Mulligen and
               Bob J. A. Schijvenaars and
               Barend Mons and
               Jan A. Kors},
  title     = {Searching for geneRIFs: Concept-Based Query Expansion and
               Bayes Classification},
  booktitle = {TREC},
  year      = {2003},
  pages     = {225-233},
  ee        = {http://trec.nist.gov/pubs/trec12/papers/erasmusu.genomics.pdf},
  bibsource = {DBLP, http://dblp.uni-trier.de}
}



@inproceedings{DBLP:conf/esws/GiunchigliaKZ09,
  author    = {Fausto Giunchiglia and
               Uladzimir Kharkevich and
               Ilya Zaihrayeu},
  title     = {Concept Search},
  booktitle = {ESWC},
  year      = {2009},
  pages     = {429-444},
  ee        = {http://dx.doi.org/10.1007/978-3-642-02121-3_33},
%  crossref  = {DBLP:conf/esws/2009},
  bibsource = {DBLP, http://dblp.uni-trier.de}
}


@inproceedings{DBLP:conf/sigir/ZhongH06,
  author    = {Ming Zhong and
               Xiangji Huang},
  title     = {Concept-based biomedical text retrieval},
  booktitle = {SIGIR},
  year      = {2006},
  pages     = {723-724},
  ee        = {http://doi.acm.org/10.1145/1148170.1148336},
  crossref  = {DBLP:conf/sigir/2006},
  bibsource = {DBLP, http://dblp.uni-trier.de}
}

@inproceedings{DBLP:conf/trec/TrieschniggKS06,
  author    = {Dolf Trieschnigg and
               Wessel Kraaij and
               Martijn J. Schuemie},
  title     = {Concept Based Document Retrieval for Genomics Literature},
  booktitle = {TREC},
  year      = {2006},
  ee        = {http://trec.nist.gov/pubs/trec15/papers/erasmus-tno-utwente.geo.final.pdf},
  crossref  = {DBLP:conf/trec/2006},
  bibsource = {DBLP, http://dblp.uni-trier.de}
}

@inproceedings{DBLP:conf/trec/ZhouYTS06,
  author    = {Wei Zhou and
               Clement T. Yu and
               Vetle I. Torvik and
               Neil R. Smalheiser},
  title     = {A Concept-Based Framework for Passage Retrieval at Genomics},
  booktitle = {TREC},
  year      = {2006},
  ee        = {http://trec.nist.gov/pubs/trec15/papers/uillinois-chicago.geo.final.pdf},
  crossref  = {DBLP:conf/trec/2006},
  bibsource = {DBLP, http://dblp.uni-trier.de}
}

@inproceedings{DBLP:conf/www/GuhaMM03,
  author    = {Ramanathan V. Guha and
               Rob McCool and
               Eric Miller},
  title     = {Semantic search},
  booktitle = {WWW},
  year      = {2003},
  pages     = {700-709},
  ee        = {http://doi.acm.org/10.1145/775152.775250},
  bibsource = {DBLP, http://dblp.uni-trier.de}
}

@inproceedings{DBLP:conf/www/ZhuNLZW09,
  author    = {Jun Zhu and
               Zaiqing Nie and
               Xiaojiang Liu and
               Bo Zhang and
               Ji-Rong Wen},
  title     = {StatSnowball: a statistical approach to extracting entity
               relationships},
  booktitle = {WWW},
  year      = {2009},
  pages     = {101-110},
  ee        = {http://doi.acm.org/10.1145/1526709.1526724},
  crossref  = {DBLP:conf/www/2009},
  bibsource = {DBLP, http://dblp.uni-trier.de}
}


@article{DBLP:journals/aim/FerrucciBCFGKLMNPSW10,
  author    = {David A. Ferrucci and
               Eric W. Brown and
               Jennifer Chu-Carroll and
               James Fan and
               David Gondek and
               Aditya Kalyanpur and
               Adam Lally and
               J. William Murdock and
               Eric Nyberg and
               John M. Prager and
               Nico Schlaefer and
               Christopher A. Welty},
  title     = {Building Watson: An Overview of the DeepQA Project},
  journal   = {AI Magazine},
  volume    = {31},
  number    = {3},
  year      = {2010},
  pages     = {59-79},
  ee        = {http://www.aaai.org/ojs/index.php/aimagazine/article/view/2303},
  bibsource = {DBLP, http://dblp.uni-trier.de}
}

@inproceedings{DBLP:conf/sigir/PragerBCR00,
  author    = {John M. Prager and
               Eric W. Brown and
               Anni Coden and
               Dragomir R. Radev},
  title     = {Question-answering by predictive annotation},
  booktitle = {SIGIR},
  year      = {2000},
  pages     = {184-191},
  ee        = {http://doi.acm.org/10.1145/345508.345574},
  bibsource = {DBLP, http://dblp.uni-trier.de}
}

@inproceedings{DBLP:conf/www/RochaSA04,
  author    = {Cristiano Rocha and
               Daniel Schwabe and
               Marcus Poggi de Arag{\~a}o},
  title     = {A hybrid approach for searching in the semantic web},
  booktitle = {WWW},
  year      = {2004},
  pages     = {374-383},
  ee        = {http://doi.acm.org/10.1145/988672.988723},
%  crossref  = {DBLP:conf/www/2004},
  bibsource = {DBLP, http://dblp.uni-trier.de}
}

@inproceedings{DBLP:conf/www/AnyanwuMS05,
  author    = {Kemafor Anyanwu and
               Angela Maduko and
               Amit P. Sheth},
  title     = {SemRank: ranking complex relationship search results on
               the semantic web},
  booktitle = {WWW},
  year      = {2005},
  pages     = {117-127},
  ee        = {http://doi.acm.org/10.1145/1060745.1060766},
%  crossref  = {DBLP:conf/www/2005},
  bibsource = {DBLP, http://dblp.uni-trier.de}
}

@inproceedings{DBLP:conf/www/AnyanwuMS05,
  author    = {Kemafor Anyanwu and
               Angela Maduko and
               Amit P. Sheth},
  title     = {SemRank: ranking complex relationship search results on
               the semantic web},
  booktitle = {WWW},
  year      = {2005},
  pages     = {117-127},
  ee        = {http://doi.acm.org/10.1145/1060745.1060766},
%  crossref  = {DBLP:conf/www/2005},
  bibsource = {DBLP, http://dblp.uni-trier.de}
}

@inproceedings{DBLP:conf/semweb/BlancoMV11,
  author    = {Roi Blanco and
               Peter Mika and
               Sebastiano Vigna},
  title     = {Effective and Efficient Entity Search in RDF Data},
  booktitle = {International Semantic Web Conference (1)},
  year      = {2011},
  pages     = {83-97},
  ee        = {http://dx.doi.org/10.1007/978-3-642-25073-6_6},
%  crossref  = {DBLP:conf/semweb/2011-1},
  bibsource = {DBLP, http://dblp.uni-trier.de}
}

@inproceedings{DBLP:conf/semweb/HarthKD09,
  author    = {Andreas Harth and
               Sheila Kinsella and
               Stefan Decker},
  title     = {Using Naming Authority to Rank Data and Ontologies for Web
               Search},
  booktitle = {International Semantic Web Conference},
  year      = {2009},
  pages     = {277-292},
  ee        = {http://dx.doi.org/10.1007/978-3-642-04930-9_18},
%  crossref  = {DBLP:conf/semweb/2009},
  bibsource = {DBLP, http://dblp.uni-trier.de}
}

@article{DBLP:journals/tois/BalogBR11,
  author    = {Krisztian Balog and
               Marc Bron and
               Maarten de Rijke},
  title     = {Query modeling for entity search based on terms, categories,
               and examples},
  journal   = {ACM Trans. Inf. Syst.},
  volume    = {29},
  number    = {4},
  year      = {2011},
  pages     = {22},
  ee        = {http://doi.acm.org/10.1145/2037661.2037667},
  bibsource = {DBLP, http://dblp.uni-trier.de}
}

@inproceedings{DBLP:conf/cikm/DingFJPCPRDS04,
  author    = {Li Ding and
               Timothy W. Finin and
               Anupam Joshi and
               Rong Pan and
               R. Scott Cost and
               Yun Peng and
               Pavan Reddivari and
               Vishal Doshi and
               Joel Sachs},
  title     = {Swoogle: a search and metadata engine for the semantic web},
  booktitle = {CIKM},
  year      = {2004},
  pages     = {652-659},
  ee        = {http://doi.acm.org/10.1145/1031171.1031289},
%  crossref  = {DBLP:conf/cikm/2004},
  bibsource = {DBLP, http://dblp.uni-trier.de}
}

@article{DBLP:journals/ws/TranHL11,
  author    = {Thanh Tran and
               Daniel M. Herzig and
               G{\"u}nter Ladwig},
  title     = {SemSearchPro - Using semantics throughout the search process},
  journal   = {J. Web Sem.},
  volume    = {9},
  number    = {4},
  year      = {2011},
  pages     = {349-364},
  ee        = {http://dx.doi.org/10.1016/j.websem.2011.08.004},
  bibsource = {DBLP, http://dblp.uni-trier.de}
}

@article{DBLP:journals/ws/WangTLF11,
  author    = {Haofen Wang and
               Thanh Tran and
               Chang Liu and
               Linyun Fu},
  title     = {Lightweight integration of IR and DB for scalable hybrid
               search with integrated ranking support},
  journal   = {J. Web Sem.},
  volume    = {9},
  number    = {4},
  year      = {2011},
  pages     = {490-503},
  ee        = {http://dx.doi.org/10.1016/j.websem.2011.08.002},
  bibsource = {DBLP, http://dblp.uni-trier.de}
}

@article{DBLP:journals/ws/HalpinL11,
  author    = {Harry Halpin and
               Victor Lavrenko},
  title     = {Relevance feedback between hypertext and Semantic Web search:
               Frameworks and evaluation},
  journal   = {J. Web Sem.},
  volume    = {9},
  number    = {4},
  year      = {2011},
  pages     = {474-489},
  ee        = {http://dx.doi.org/10.1016/j.websem.2011.10.001},
  bibsource = {DBLP, http://dblp.uni-trier.de}
}

@article{DBLP:journals/ws/FazzingaGGL11,
  author    = {Bettina Fazzinga and
               Giorgio Gianforme and
               Georg Gottlob and
               Thomas Lukasiewicz},
  title     = {Semantic Web search based on ontological conjunctive queries},
  journal   = {J. Web Sem.},
  volume    = {9},
  number    = {4},
  year      = {2011},
  pages     = {453-473},
  ee        = {http://dx.doi.org/10.1016/j.websem.2011.08.003},
  bibsource = {DBLP, http://dblp.uni-trier.de}
}

@inproceedings{DBLP:conf/ecai/CorbyDF04,
  author    = {Olivier Corby and
               Rose Dieng-Kuntz and
               Catherine Faron-Zucker},
  title     = {Querying the Semantic Web with Corese Search Engine},
  booktitle = {ECAI},
  year      = {2004},
  pages     = {705-709},
  crossref  = {DBLP:conf/ecai/2004},
  bibsource = {DBLP, http://dblp.uni-trier.de}
}

@inproceedings{DBLP:conf/dagstuhl/HeflinHL03,
  author    = {Jeff Heflin and
               James A. Hendler and
               Sean Luke},
  title     = {SHOE: A Blueprint for the Semantic Web},
  booktitle = {Spinning the Semantic Web},
  year      = {2003},
  pages     = {29-63},
  crossref  = {DBLP:conf/dagstuhl/2003sweb},
  bibsource = {DBLP, http://dblp.uni-trier.de}
}

@article{DBLP:journals/ws/FernandezCLVCM11,
  author    = {Miriam Fern{\'a}ndez and
               Iv{\'a}n Cantador and
               Vanessa Lopez and
               David Vallet and
               Pablo Castells and
               Enrico Motta},
  title     = {Semantically enhanced Information Retrieval: An ontology-based
               approach},
  journal   = {J. Web Sem.},
  volume    = {9},
  number    = {4},
  year      = {2011},
  pages     = {434-452},
  ee        = {http://dx.doi.org/10.1016/j.websem.2010.11.003},
  bibsource = {DBLP, http://dblp.uni-trier.de}
}


@article{DBLP:journals/ws/HoganHUKPD11,
  author    = {Aidan Hogan and
               Andreas Harth and
               J{\"u}rgen Umbrich and
               Sheila Kinsella and
               Axel Polleres and
               Stefan Decker},
  title     = {Searching and browsing Linked Data with SWSE: The Semantic
               Web Search Engine},
  journal   = {J. Web Sem.},
  volume    = {9},
  number    = {4},
  year      = {2011},
  pages     = {365-401},
  ee        = {http://dx.doi.org/10.1016/j.websem.2011.06.004},
  bibsource = {DBLP, http://dblp.uni-trier.de}
}

@inproceedings{DBLP:conf/dexa/WagnerLT11,
  author    = {Andreas Wagner and
               G{\"u}nter Ladwig and
               Thanh Tran},
  title     = {Browsing-Oriented Semantic Faceted Search},
  booktitle = {DEXA (1)},
  year      = {2011},
  pages     = {303-319},
  ee        = {http://dx.doi.org/10.1007/978-3-642-23088-2_22},
%  crossref  = {DBLP:conf/dexa/2011-1},
  bibsource = {DBLP, http://dblp.uni-trier.de}
}

@inproceedings{tran2007expressive,
  title={Expressive Resource Descriptions for Ontology-based Information Retrieval},
  author={Thanh Tran and Stephan Bloehdorn and Philipp Cimiano and Peter Haase},
  booktitle={ICTIR},
  pages={55--68},
  year={2007}
}


@inproceedings{DBLP:conf/esws/HeimEZ10,
  author    = {Philipp Heim and
               Thomas Ertl and
               J{\"u}rgen Ziegler},
  title     = {Facet Graphs: Complex Semantic Querying Made Easy},
  booktitle = {ESWC (1)},
  year      = {2010},
  pages     = {288-302},
  ee        = {http://dx.doi.org/10.1007/978-3-642-13486-9_20},
%  crossref  = {DBLP:conf/esws/2010-1},
  bibsource = {DBLP, http://dblp.uni-trier.de}
}

@inproceedings{DBLP:conf/semweb/FerreH11,
  author    = {S{\'e}bastien Ferr{\'e} and
               Alice Hermann},
  title     = {Semantic Search: Reconciling Expressive Querying and Exploratory
               Search},
  booktitle = {International Semantic Web Conference (1)},
  year      = {2011},
  pages     = {177-192},
  ee        = {http://dx.doi.org/10.1007/978-3-642-25073-6_12},
%  crossref  = {DBLP:conf/semweb/2011-1},
  bibsource = {DBLP, http://dblp.uni-trier.de}
}

@article{DBLP:journals/ws/Harth10,
  author    = {Andreas Harth},
  title     = {VisiNav: A system for visual search and navigation on web
               data},
  journal   = {J. Web Sem.},
  volume    = {8},
  number    = {4},
  year      = {2010},
  pages     = {348-354},
  ee        = {http://dx.doi.org/10.1016/j.websem.2010.08.001},
  bibsource = {DBLP, http://dblp.uni-trier.de}
}

@inproceedings{DBLP:conf/esws/WangXZY07,
  author    = {Chong Wang and
               Miao Xiong and
               Qi Zhou and
               Yong Yu},
  title     = {PANTO: A Portable Natural Language Interface to Ontologies},
  booktitle = {ESWC},
  year      = {2007},
  pages     = {473-487},
  ee        = {http://dx.doi.org/10.1007/978-3-540-72667-8_34},
%  crossref  = {DBLP:conf/esws/2007},
  bibsource = {DBLP, http://dblp.uni-trier.de}
}

@inproceedings{DBLP:conf/esws/TablanDB08,
  author    = {Valentin Tablan and
               Danica Damljanovic and
               Kalina Bontcheva},
  title     = {A Natural Language Query Interface to Structured Information},
  booktitle = {ESWC},
  year      = {2008},
  pages     = {361-375},
  ee        = {http://dx.doi.org/10.1007/978-3-540-68234-9_28},
%  crossref  = {DBLP:conf/esws/2008},
  bibsource = {DBLP, http://dblp.uni-trier.de}
}

@inproceedings{DBLP:conf/esws/DamljanovicAC10,
  author    = {Danica Damljanovic and
               Milan Agatonovic and
               Hamish Cunningham},
  title     = {Natural Language Interfaces to Ontologies: Combining Syntactic
               Analysis and Ontology-Based Lookup through the User Interaction},
  booktitle = {ESWC (1)},
  year      = {2010},
  pages     = {106-120},
  ee        = {http://dx.doi.org/10.1007/978-3-642-13486-9_8},
%  crossref  = {DBLP:conf/esws/2010-1},
  bibsource = {DBLP, http://dblp.uni-trier.de}
}

@article{DBLP:journals/ws/LopezUMP07,
  author    = {Vanessa Lopez and
               Victoria S. Uren and
               Enrico Motta and
               Michele Pasin},
  title     = {AquaLog: An ontology-driven question answering system for
               organizational semantic intranets},
  journal   = {J. Web Sem.},
  volume    = {5},
  number    = {2},
  year      = {2007},
  pages     = {72-105},
  ee        = {http://dx.doi.org/10.1016/j.websem.2007.03.003},
  bibsource = {DBLP, http://dblp.uni-trier.de}
}
@article{DBLP:journals/dke/CimianoHHMS08,
  author    = {Philipp Cimiano and
               Peter Haase and
               J{\"o}rg Heizmann and
               Matthias Mantel and
               Rudi Studer},
  title     = {Towards portable natural language interfaces to knowledge
               bases - The case of the ORAKEL system},
  journal   = {Data Knowl. Eng.},
  volume    = {65},
  number    = {2},
  year      = {2008},
  pages     = {325-354},
  ee        = {http://dx.doi.org/10.1016/j.datak.2007.10.007},
  bibsource = {DBLP, http://dblp.uni-trier.de}
}

@article{DBLP:journals/ipm/MeijTRK10,
  author    = {Edgar Meij and
               Dolf Trieschnigg and
               Maarten de Rijke and
               Wessel Kraaij},
  title     = {Conceptual language models for domain-specific retrieval},
  journal   = {Inf. Process. Manage.},
  volume    = {46},
  number    = {4},
  year      = {2010},
  pages     = {448-469},
  ee        = {http://dx.doi.org/10.1016/j.ipm.2009.09.005},
  bibsource = {DBLP, http://dblp.uni-trier.de}
}

@inproceedings{DBLP:conf/trec/TrieschniggKS06,
  author    = {Dolf Trieschnigg and
               Wessel Kraaij and
               Martijn J. Schuemie},
  title     = {Concept Based Document Retrieval for Genomics Literature},
  booktitle = {TREC},
  year      = {2006},
  ee        = {http://trec.nist.gov/pubs/trec15/papers/erasmus-tno-utwente.geo.final.pdf},
%  crossref  = {DBLP:conf/trec/2006},
  bibsource = {DBLP, http://dblp.uni-trier.de}
}

@inproceedings{DBLP:conf/sigir/Giger88,
  author    = {H. P. Giger},
  title     = {Concept Based Retrieval in Classical IR Systems},
  booktitle = {SIGIR},
  year      = {1988},
  pages     = {275-289},
  ee        = {db/conf/sigir/Giger88.html},
  crossref  = {DBLP:conf/sigir/88},
  bibsource = {DBLP, http://dblp.uni-trier.de}
}

@inproceedings{DBLP:conf/cikm/Chu-CarrollP07,
  author    = {Jennifer Chu-Carroll and
               John M. Prager},
  title     = {An experimental study of the impact of information extraction
               accuracy on semantic search performance},
  booktitle = {CIKM},
  year      = {2007},
  pages     = {505-514},
  ee        = {http://doi.acm.org/10.1145/1321440.1321512},
%  crossref  = {DBLP:conf/cikm/2007},
  bibsource = {DBLP, http://dblp.uni-trier.de}
}

@inproceedings{DBLP:conf/naacl/Chu-CarrollCPI03,
  author    = {Jennifer Chu-Carroll and
               Krzysztof Czuba and
               John M. Prager and
               Abraham Ittycheriah},
  title     = {In Question Answering, Two Heads Are Better Than One},
  booktitle = {HLT-NAACL},
  year      = {2003},
  ee        = {http://acl.ldc.upenn.edu/N/N03/N03-1004.pdf},
  bibsource = {DBLP, http://dblp.uni-trier.de}
}

@inproceedings{DBLP:conf/sigir/Chu-CarrollPCFD06,
  author    = {Jennifer Chu-Carroll and
               John M. Prager and
               Krzysztof Czuba and
               David A. Ferrucci and
               Pablo Ariel Dubou{\'e}},
  title     = {Semantic search via XML fragments: a high-precision approach
               to IR},
  booktitle = {SIGIR},
  year      = {2006},
  pages     = {445-452},
  ee        = {http://doi.acm.org/10.1145/1148170.1148247},
%  crossref  = {DBLP:conf/sigir/2006},
  bibsource = {DBLP, http://dblp.uni-trier.de}
}
@article{DBLP:journals/ws/BizerLKABCH09,
  author    = {Christian Bizer and
               Jens Lehmann and
               Georgi Kobilarov and
               S{\"o}ren Auer and
               Christian Becker and
               Richard Cyganiak and
               Sebastian Hellmann},
  title     = {DBpedia - A crystallization point for the Web of Data},
  journal   = {J. Web Sem.},
  volume    = {7},
  number    = {3},
  year      = {2009},
  pages     = {154-165},
  ee        = {http://dx.doi.org/10.1016/j.websem.2009.07.002},
  bibsource = {DBLP, http://dblp.uni-trier.de}
}

@article{DBLP:journals/ws/KiryakovPTMO04,
  author    = {Atanas Kiryakov and
               Borislav Popov and
               Ivan Terziev and
               Dimitar Manov and
               Damyan Ognyanoff},
  title     = {Semantic annotation, indexing, and retrieval},
  journal   = {J. Web Sem.},
  volume    = {2},
  number    = {1},
  year      = {2004},
  pages     = {49-79},
  ee        = {http://dx.doi.org/10.1016/j.websem.2004.07.005},
  bibsource = {DBLP, http://dblp.uni-trier.de}
}

@article{DBLP:journals/tkde/CastellsFV07,
  author    = {Pablo Castells and
               Miriam Fern{\'a}ndez and
               David Vallet},
  title     = {An Adaptation of the Vector-Space Model for Ontology-Based
               Information Retrieval},
  journal   = {IEEE Trans. Knowl. Data Eng.},
  volume    = {19},
  number    = {2},
  year      = {2007},
  pages     = {261-272},
  ee        = {http://dx.doi.org/10.1109/TKDE.2007.22},
  bibsource = {DBLP, http://dblp.uni-trier.de}
}

@inproceedings{DBLP:conf/esws/TranMH10,
  author    = {Thanh Tran and
               Tobias Math{\"a}{\ss} and
               Peter Haase},
  title     = {Usability of Keyword-Driven Schema-Agnostic Search},
  booktitle = {ESWC (2)},
  year      = {2010},
  pages     = {349-364},
  ee        = {http://dx.doi.org/10.1007/978-3-642-13489-0_24},
  crossref  = {DBLP:conf/esws/2010-2},
  bibsource = {DBLP, http://dblp.uni-trier.de}
}

%@inproceedings{Perez-Aguera:2010:UBS:1863879.1863881,
% author = {P\'{e}rez-Ag\"{u}era, Jos\'{e} R. and Arroyo, Javier and Greenberg, Jane and Iglesias, Joaquin Perez and Fresno, Victor},
% title = {Using BM25F for semantic search},
% booktitle = {Proceedings of the 3rd International Semantic Search Workshop},
% series = {SEMSEARCH '10},
% year = {2010},
% isbn = {978-1-4503-0130-5},
% location = {Raleigh, North Carolina},
% pages = {2:1--2:8},
% articleno = {2},
% numpages = {8},
% url = {http://doi.acm.org/10.1145/1863879.1863881},
% doi = {http://doi.acm.org/10.1145/1863879.1863881},
% acmid = {1863881},
% publisher = {ACM},
% address = {New York, NY, USA},
% keywords = {BM25F, information retrieval, semantic search},
%} 

@inproceedings{DBLP:conf/sigir/Hofmann99,
  author    = {Thomas Hofmann},
  title     = {Probabilistic Latent Semantic Indexing},
  booktitle = {SIGIR},
  year      = {1999},
  pages     = {50-57},
  ee        = {db/conf/sigir/Hofmann99.html, http://doi.acm.org/10.1145/312624.312649},
  crossref  = {DBLP:conf/sigir/99},
  bibsource = {DBLP, http://dblp.uni-trier.de}
}

@inproceedings{DBLP:conf/sigir/WeiC06,
  author    = {Xing Wei and
               W. Bruce Croft},
  title     = {LDA-based document models for ad-hoc retrieval},
  booktitle = {SIGIR},
  year      = {2006},
  pages     = {178-185},
  ee        = {http://doi.acm.org/10.1145/1148170.1148204},
  crossref  = {DBLP:conf/sigir/2006},
  bibsource = {DBLP, http://dblp.uni-trier.de}
}

@inproceedings{DBLP:conf/sigir/Rijsbergen89,
  author    = {C. J. van Rijsbergen},
  title     = {Towards an Information Logic},
  booktitle = {SIGIR},
  year      = {1989},
  pages     = {77-86},
  ee        = {db/conf/sigir/Rijsbergen89.html},
  crossref  = {DBLP:conf/sigir/89},
  bibsource = {DBLP, http://dblp.uni-trier.de}
}

@article{DBLP:journals/tkde/VassiliadisTK94,
  author    = {Stamatis Vassiliadis and
               George Triantafyllos and
               Walid Kobrosly},
  title     = {A Fuzzy Reasoning Database Question Answering System},
  journal   = {IEEE Trans. Knowl. Data Eng.},
  volume    = {6},
  number    = {6},
  year      = {1994},
  pages     = {868-882},
  ee        = {http://doi.ieeecomputersociety.org/10.1109/69.334878},
  bibsource = {DBLP, http://dblp.uni-trier.de}
}

@incollection{DBLP:series/sci/NgoC10,
  author    = {Vuong M. Ngo and
               Tru H. Cao},
  title     = {Ontology-Based Query Expansion with Latently Related Named
               Entities for Semantic Text Search},
  booktitle = {Advances in Intelligent Information and Database Systems},
  year      = {2010},
  pages     = {41-52},
  ee        = {http://dx.doi.org/10.1007/978-3-642-12090-9_4},
%  crossref  = {DBLP:series/sci/2010-283},
  bibsource = {DBLP, http://dblp.uni-trier.de}
}

@inproceedings{DBLP:conf/sigir/BastCSW07,
  author    = {Holger Bast and
               Alexandru Chitea and
               Fabian M. Suchanek and
               Ingmar Weber},
  title     = {ESTER: efficient search on text, entities, and relations},
  booktitle = {SIGIR},
  year      = {2007},
  pages     = {671-678},
  ee        = {http://doi.acm.org/10.1145/1277741.1277856},
%  crossref  = {DBLP:conf/sigir/2007},
  bibsource = {DBLP, http://dblp.uni-trier.de}
}

@inproceedings{DBLP:conf/aswc/CaoCT08,
  author    = {Tru H. Cao and
               Truong D. Cao and
               Thang L. Tran},
  title     = {A Robust Ontology-Based Method for Translating Natural Language
               Queries to Conceptual Graphs},
  booktitle = {ASWC},
  year      = {2008},
  pages     = {479-492},
  ee        = {http://dx.doi.org/10.1007/978-3-540-89704-0_33},
%  crossref  = {DBLP:conf/aswc/2008},
  bibsource = {DBLP, http://dblp.uni-trier.de}
}

@article{DBLP:journals/ijswis/ChengQ09,
  author    = {Gong Cheng and
               Yuzhong Qu},
  title     = {Searching Linked Objects with Falcons: Approach, Implementation
               and Evaluation},
  journal   = {Int. J. Semantic Web Inf. Syst.},
  volume    = {5},
  number    = {3},
  year      = {2009},
  pages     = {49-70},
  ee        = {http://www.igi-global.com/articles/details.asp?ID=35388},
  bibsource = {DBLP, http://dblp.uni-trier.de}
}

@article{DBLP:journals/ws/WangLPFZTYP09,
  author    = {Haofen Wang and
               Qiaoling Liu and
               Thomas Penin and
               Linyun Fu and
               Lei Zhang and
               Thanh Tran and
               Yong Yu and
               Yue Pan},
  title     = {Semplore: A scalable IR approach to search the Web of Data},
  journal   = {J. Web Sem.},
  volume    = {7},
  number    = {3},
  year      = {2009},
  pages     = {177-188},
  ee        = {http://dx.doi.org/10.1016/j.websem.2009.08.001},
  bibsource = {DBLP, http://dblp.uni-trier.de}
}

@inproceedings{DBLP:conf/iccs/ComparotHH07,
  author    = {Catherine Comparot and
               Ollivier Haemmerl{\'e} and
               Nathalie Hernandez},
  title     = {Conceptual Graphs and Ontologies for Information Retrieval},
  booktitle = {ICCS},
  year      = {2007},
  pages     = {480-483},
  ee        = {http://dx.doi.org/10.1007/978-3-540-73681-3_39},
%  crossref  = {DBLP:conf/iccs/2007},
  bibsource = {DBLP, http://dblp.uni-trier.de}
}

@inproceedings{DBLP:conf/aaai/JiangT06,
  author    = {Xing Jiang and
               Ah-Hwee Tan},
  title     = {OntoSearch: A Full-Text Search Engine for the Semantic Web},
  booktitle = {AAAI},
  year      = {2006},
%  crossref  = {DBLP:conf/aaai/2006},
  bibsource = {DBLP, http://dblp.uni-trier.de}
}

@inproceedings{DBLP:conf/pods/FaginKLRV10,
  author    = {Ronald Fagin and
               Benny Kimelfeld and
               Yunyao Li and
               Sriram Raghavan and
               Shivakumar Vaithyanathan},
  title     = {Understanding queries in a search database system},
  booktitle = {PODS},
  year      = {2010},
  pages     = {273-284},
  ee        = {http://doi.acm.org/10.1145/1807085.1807121},
%  crossref  = {DBLP:conf/pods/2010},
  bibsource = {DBLP, http://dblp.uni-trier.de}
}


@inproceedings{DBLP:conf/sigmod/KandoganKRVZ06,
  author    = {Eser Kandogan and
               Rajasekar Krishnamurthy and
               Sriram Raghavan and
               Shivakumar Vaithyanathan and
               Huaiyu Zhu},
  title     = {Avatar semantic search: a database approach to information
               retrieval},
  booktitle = {SIGMOD Conference},
  year      = {2006},
  pages     = {790-792},
  ee        = {http://doi.acm.org/10.1145/1142473.1142591},
%  crossref  = {DBLP:conf/sigmod/2006},
  bibsource = {DBLP, http://dblp.uni-trier.de}
}


@inproceedings{DBLP:conf/esws/ElbassuoniRW11,
  author    = {Shady Elbassuoni and
               Maya Ramanath and
               Gerhard Weikum},
  title     = {Query Relaxation for Entity-Relationship Search},
  booktitle = {ESWC (2)},
  year      = {2011},
  pages     = {62-76},
  ee        = {http://dx.doi.org/10.1007/978-3-642-21064-8_5},
%  crossref  = {DBLP:conf/esws/2011-2},
  bibsource = {DBLP, http://dblp.uni-trier.de}
}

@article{DBLP:journals/debu/ElbassuoniRSW10,
  author    = {Shady Elbassuoni and
               Maya Ramanath and
               Ralf Schenkel and
               Gerhard Weikum},
  title     = {Searching RDF Graphs with SPARQL and Keywords},
  journal   = {IEEE Data Eng. Bull.},
  volume    = {33},
  number    = {1},
  year      = {2010},
  pages     = {16-24},
  ee        = {http://sites.computer.org/debull/A10mar/weikum-paper.pdf},
  bibsource = {DBLP, http://dblp.uni-trier.de}
}

@inproceedings{DBLP:conf/icde/KasneciSIRW08,
  author    = {Gjergji Kasneci and
               Fabian M. Suchanek and
               Georgiana Ifrim and
               Maya Ramanath and
               Gerhard Weikum},
  title     = {NAGA: Searching and Ranking Knowledge},
  booktitle = {ICDE},
  year      = {2008},
  pages     = {953-962},
  ee        = {http://dx.doi.org/10.1109/ICDE.2008.4497504},
%  crossref  = {DBLP:conf/icde/2008},
  bibsource = {DBLP, http://dblp.uni-trier.de}
}

@inproceedings{DBLP:conf/cikm/LadwigT11,
  author    = {G{\"u}nter Ladwig and
               Thanh Tran},
  title     = {Index structures and top-k join algorithms for native keyword
               search databases},
  booktitle = {CIKM},
  year      = {2011},
  pages     = {1505-1514},
  ee        = {http://doi.acm.org/10.1145/2063576.2063792},
  crossref  = {DBLP:conf/cikm/2011},
  bibsource = {DBLP, http://dblp.uni-trier.de}
}

@inproceedings{DBLP:conf/sigmod/LiOFWZ08,
  author    = {Guoliang Li and
               Beng Chin Ooi and
               Jianhua Feng and
               Jianyong Wang and
               Lizhu Zhou},
  title     = {EASE: an effective 3-in-1 keyword search method for unstructured,
               semi-structured and structured data},
  booktitle = {SIGMOD Conference},
  year      = {2008},
  pages     = {903-914},
  ee        = {http://doi.acm.org/10.1145/1376616.1376706},
  crossref  = {DBLP:conf/sigmod/2008},
  bibsource = {DBLP, http://dblp.uni-trier.de}
}

@article{DBLP:journals/ws/TranWH09,
  author    = {Thanh Tran and
               Haofen Wang and
               Peter Haase},
  title     = {Hermes: Data Web search on a pay-as-you-go integration infrastructure},
  journal   = {J. Web Sem.},
  volume    = {7},
  number    = {3},
  year      = {2009},
  pages     = {189-203},
  ee        = {http://dx.doi.org/10.1016/j.websem.2009.07.001},
  bibsource = {DBLP, http://dblp.uni-trier.de}
}

@inproceedings{DBLP:conf/esws/SchumacherSS08,
  author    = {Kinga Schumacher and
               Michael Sintek and
               Leo Sauermann},
  title     = {Combining Fact and Document Retrieval with Spreading Activation
               for Semantic Desktop Search},
  booktitle = {ESWC},
  year      = {2008},
  pages     = {569-583},
  ee        = {http://dx.doi.org/10.1007/978-3-540-68234-9_42},
%  crossref  = {DBLP:conf/esws/2008},
  bibsource = {DBLP, http://dblp.uni-trier.de}
}

@inproceedings{DBLP:conf/esws/KlebA10,
  author    = {Joachim Kleb and
               Andreas Abecker},
  title     = {Entity Reference Resolution via Spreading Activation on
               RDF-Graphs},
  booktitle = {ESWC (1)},
  year      = {2010},
  pages     = {152-166},
  ee        = {http://dx.doi.org/10.1007/978-3-642-13486-9_11},
  crossref  = {DBLP:conf/esws/2010-1},
  bibsource = {DBLP, http://dblp.uni-trier.de}
}



@inproceedings{DBLP:conf/eswc/Tran12,
  author    = {Lorand Dali and Blaz Fortuna and Thanh Tran and Dunja Mladenic},
  title     = {Query-Independent Learning to Rank for RDF Entity Search},
  booktitle = {ESWC},
  year      = {2012}
  pages     = {To appear},
}


@article{DBLP:journals/ws/JonquetLFCNMS11,
  author    = {Clement Jonquet and
               Paea LePendu and
               Sean M. Falconer and
               Adrien Coulet and
               Natalya Fridman Noy and
               Mark A. Musen and
               Nigam H. Shah},
  title     = {NCBO Resource Index: Ontology-based search and mining of
               biomedical resources},
  journal   = {J. Web Sem.},
  volume    = {9},
  number    = {3},
  year      = {2011},
  pages     = {316-324},
  ee        = {http://dx.doi.org/10.1016/j.websem.2011.06.005},
  bibsource = {DBLP, http://dblp.uni-trier.de}
}

@inproceedings{DBLP:conf/icde/TranWRC09,
  author    = {Thanh Tran and
               Haofen Wang and
               Sebastian Rudolph and
               Philipp Cimiano},
  title     = {Top-k Exploration of Query Candidates for Efficient Keyword
               Search on Graph-Shaped (RDF) Data},
  booktitle = {ICDE},
  year      = {2009},
  pages     = {405-416},
  ee        = {http://dx.doi.org/10.1109/ICDE.2009.119},
  crossref  = {DBLP:conf/icde/2009},
  bibsource = {DBLP, http://dblp.uni-trier.de}
}

@inproceedings{DBLP:conf/cikm/CoffmanW11,
  author    = {Joel Coffman and
               Alfred C. Weaver},
  title     = {Learning to rank results in relational keyword search},
  booktitle = {CIKM},
  year      = {2011},
  pages     = {1689-1698},
  ee        = {http://doi.acm.org/10.1145/2063576.2063820},
  crossref  = {DBLP:conf/cikm/2011},
  bibsource = {DBLP, http://dblp.uni-trier.de}
}

@inproceedings{DBLP:conf/vldb/ChengYC07,
  author    = {Tao Cheng and
               Xifeng Yan and
               Kevin Chen-Chuan Chang},
  title     = {EntityRank: Searching Entities Directly and Holistically},
  booktitle = {VLDB},
  year      = {2007},
  pages     = {387-398},
  ee        = {http://www.vldb.org/conf/2007/papers/research/p387-cheng.pdf},
  crossref  = {DBLP:conf/vldb/2007},
  bibsource = {DBLP, http://dblp.uni-trier.de}
}

@inproceedings{DBLP:conf/cikm/CoffmanW10,
  author    = {Joel Coffman and
               Alfred C. Weaver},
  title     = {A framework for evaluating database keyword search strategies},
  booktitle = {CIKM},
  year      = {2010},
  pages     = {729-738},
  ee        = {http://doi.acm.org/10.1145/1871437.1871531},
  crossref  = {DBLP:conf/cikm/2010},
  bibsource = {DBLP, http://dblp.uni-trier.de}


@inproceedings{DBLP:conf/www/NieZWM05,
  author    = {Zaiqing Nie and
               Yuanzhi Zhang and
               Ji-Rong Wen and
               Wei-Ying Ma},
  title     = {Object-level ranking: bringing order to Web objects},
  booktitle = {WWW},
  year      = {2005},
  pages     = {567-574},
  ee        = {http://doi.acm.org/10.1145/1060745.1060828},
%  crossref  = {DBLP:conf/www/2005},
  bibsource = {DBLP, http://dblp.uni-trier.de}
}

@article{DBLP:journals/internet/Aleman-MezaHARS05,
  author    = {Boanerges Aleman-Meza and
               Christian Halaschek-Wiener and
               Ismailcem Budak Arpinar and
               Cartic Ramakrishnan and
               Amit P. Sheth},
  title     = {Ranking Complex Relationships on the Semantic Web},
  journal   = {IEEE Internet Computing},
  volume    = {9},
  number    = {3},
  year      = {2005},
  pages     = {37-44},
  ee        = {http://doi.ieeecomputersociety.org/10.1109/MIC.2005.63},
  bibsource = {DBLP, http://dblp.uni-trier.de}
}

@inproceedings{DBLP:conf/www/QinLZWXL08,
  author    = {Tao Qin and
               Tie-Yan Liu and
               Xu-Dong Zhang and
               De-Sheng Wang and
               Wen-Ying Xiong and
               Hang Li},
  title     = {Learning to rank relational objects and its application
               to web search},
  booktitle = {WWW},
  year      = {2008},
  pages     = {407-416},
  ee        = {http://doi.acm.org/10.1145/1367497.1367553},
%  crossref  = {DBLP:conf/www/2008},
  bibsource = {DBLP, http://dblp.uni-trier.de}
}

@inproceedings{DBLP:conf/vldb/BalminHP04,
  author    = {Andrey Balmin and
               Vagelis Hristidis and
               Yannis Papakonstantinou},
  title     = {ObjectRank: Authority-Based Keyword Search in Databases},
  booktitle = {VLDB},
  year      = {2004},
  pages     = {564-575},
  ee        = {http://www.vldb.org/conf/2004/RS15P2.PDF},
%  crossref  = {DBLP:conf/vldb/2004},
  bibsource = {DBLP, http://dblp.uni-trier.de}
}

@inproceedings{DBLP:conf/www/AnyanwuS03,
  author    = {Kemafor Anyanwu and
               Amit P. Sheth},
  title     = {P-Queries: enabling querying for semantic associations on
               the semantic web},
  booktitle = {WWW},
  year      = {2003},
  pages     = {690-699},
  ee        = {http://doi.acm.org/10.1145/775152.775249},
  bibsource = {DBLP, http://dblp.uni-trier.de}
}

@inproceedings{DBLP:conf/sigir/QiuF93,
  author    = {Yonggang Qiu and
               Hans-Peter Frei},
  title     = {Concept Based Query Expansion},
  booktitle = {SIGIR},
  year      = {1993},
  pages     = {160-169},
  ee        = {db/conf/sigir/QiuF93.html},
  crossref  = {DBLP:conf/sigir/93},
  bibsource = {DBLP, http://dblp.uni-trier.de}
}

@inproceedings{DBLP:conf/webdb/StoyanovichBBW07,
  author    = {Julia Stoyanovich and
               Srikanta J. Bedathur and
               Klaus Berberich and
               Gerhard Weikum},
  title     = {EntityAuthority: Semantically Enriched Graph-Based Authority
               Propagation},
  booktitle = {WebDB},
  year      = {2007},
  ee        = {http://gemo.futurs.inria.fr/events/WebDB2007/Papers/p35.pdf},
  crossref  = {DBLP:conf/webdb/2007},
  bibsource = {DBLP, http://dblp.uni-trier.de}
}

@inproceedings{DBLP:conf/sigir/ButtcherCL06a,
  author    = {Stefan B{\"u}ttcher and
               Charles L. A. Clarke and
               Brad Lushman},
  title     = {Term proximity scoring for ad-hoc retrieval on very large
               text collections},
  booktitle = {SIGIR},
  year      = {2006},
  pages     = {621-622},
  ee        = {http://doi.acm.org/10.1145/1148170.1148285},
  crossref  = {DBLP:conf/sigir/2006},
  bibsource = {DBLP, http://dblp.uni-trier.de}
}

@inproceedings{DBLP:conf/sigir/TaoZ07,
  author    = {Tao Tao and
               ChengXiang Zhai},
  title     = {An exploration of proximity measures in information retrieval},
  booktitle = {SIGIR},
  year      = {2007},
  pages     = {295-302},
  ee        = {http://doi.acm.org/10.1145/1277741.1277794},
  crossref  = {DBLP:conf/sigir/2007},
  bibsource = {DBLP, http://dblp.uni-trier.de}
}

@inproceedings{DBLP:conf/sigmod/GuoSBS03,
  author    = {Lin Guo and
               Feng Shao and
               Chavdar Botev and
               Jayavel Shanmugasundaram},
  title     = {XRANK: Ranked Keyword Search over XML Documents},
  booktitle = {SIGMOD Conference},
  year      = {2003},
  pages     = {16-27},
  ee        = {http://doi.acm.org/10.1145/872757.872762},
  crossref  = {DBLP:conf/sigmod/2003},
  bibsource = {DBLP, http://dblp.uni-trier.de}
}

@inproceedings{DBLP:conf/iiwas/LeCHC11,
  author    = {Tuan M. V. Le and
               Tru H. Cao and
               Son M. Hoang and
               Junghoo Cho},
  title     = {Ontology-based proximity search},
  booktitle = {iiWAS},
  year      = {2011},
  pages     = {288-291},
  ee        = {http://doi.acm.org/10.1145/2095536.2095585},
  crossref  = {DBLP:conf/iiwas/2011},
  bibsource = {DBLP, http://dblp.uni-trier.de}
}

@inproceedings{DBLP:conf/www/NieMSWM07,
  author    = {Zaiqing Nie and
               Yunxiao Ma and
               Shuming Shi and
               Ji-Rong Wen and
               Wei-Ying Ma},
  title     = {Web object retrieval},
  booktitle = {WWW},
  year      = {2007},
  pages     = {81-90},
  ee        = {http://doi.acm.org/10.1145/1242572.1242584},
  crossref  = {DBLP:conf/www/2007},
  bibsource = {DBLP, http://dblp.uni-trier.de}
}

@inproceedings{DBLP:conf/cikm/BicerTN11,
  author    = {Veli Bicer and
               Thanh Tran and
               Radoslav Nedkov},
  title     = {Ranking support for keyword search on structured data using
               relevance models},
  booktitle = {CIKM},
  year      = {2011},
  pages     = {1669-1678},
  ee        = {http://doi.acm.org/10.1145/2063576.2063818},
  crossref  = {DBLP:conf/cikm/2011},
  bibsource = {DBLP, http://dblp.uni-trier.de}
}

@inproceedings{DBLP:conf/esws/DelbruTCTD10,
  author    = {Renaud Delbru and
               Nickolai Toupikov and
               Michele Catasta and
               Giovanni Tummarello and
               Stefan Decker},
  title     = {Hierarchical Link Analysis for Ranking Web Data},
  booktitle = {ESWC (2)},
  year      = {2010},
  pages     = {225-239},
  ee        = {http://dx.doi.org/10.1007/978-3-642-13489-0_16},
  crossref  = {DBLP:conf/esws/2010-2},
  bibsource = {DBLP, http://dblp.uni-trier.de}
}

@inproceedings{DBLP:conf/semweb/DingPFJPK05,
  author    = {Li Ding and
               Rong Pan and
               Timothy W. Finin and
               Anupam Joshi and
               Yun Peng and
               Pranam Kolari},
  title     = {Finding and Ranking Knowledge on the Semantic Web},
  booktitle = {International Semantic Web Conference},
  year      = {2005},
  pages     = {156-170},
  ee        = {http://dx.doi.org/10.1007/11574620_14},
  crossref  = {DBLP:conf/semweb/2005},
  bibsource = {DBLP, http://dblp.uni-trier.de}
}

@inproceedings{DBLP:conf/semweb/FranzSSS09,
  author    = {Thomas Franz and
               Antje Schultz and
               Sergej Sizov and
               Steffen Staab},
  title     = {TripleRank: Ranking Semantic Web Data by Tensor Decomposition},
  booktitle = {International Semantic Web Conference},
  year      = {2009},
  pages     = {213-228},
  ee        = {http://dx.doi.org/10.1007/978-3-642-04930-9_14},
  crossref  = {DBLP:conf/semweb/2009},
  bibsource = {DBLP, http://dblp.uni-trier.de}
}

@inproceedings{DBLP:conf/sigmod/LiuYMC06,
  author    = {Fang Liu and
               Clement T. Yu and
               Weiyi Meng and
               Abdur Chowdhury},
  title     = {Effective keyword search in relational databases},
  booktitle = {SIGMOD Conference},
  year      = {2006},
  pages     = {563-574},
  ee        = {http://doi.acm.org/10.1145/1142473.1142536},
  crossref  = {DBLP:conf/sigmod/2006},
  bibsource = {DBLP, http://dblp.uni-trier.de}
}

@inproceedings{DBLP:conf/sigmod/LiJLF09,
  author    = {Guoliang Li and
               Shengyue Ji and
               Chen Li and
               Jianhua Feng},
  title     = {Efficient type-ahead search on relational data: a TASTIER
               approach},
  booktitle = {SIGMOD Conference},
  year      = {2009},
  pages     = {695-706},
  ee        = {http://doi.acm.org/10.1145/1559845.1559918},
  crossref  = {DBLP:conf/sigmod/2009},
  bibsource = {DBLP, http://dblp.uni-trier.de}
}

@inproceedings{DBLP:conf/sigmod/PoundIW10,
  author    = {Jeffrey Pound and
               Ihab F. Ilyas and
               Grant E. Weddell},
  title     = {Expressive and flexible access to web-extracted data: a
               keyword-based structured query language},
  booktitle = {SIGMOD Conference},
  year      = {2010},
  pages     = {423-434},
  ee        = {http://doi.acm.org/10.1145/1807167.1807214},
  crossref  = {DBLP:conf/sigmod/2010},
  bibsource = {DBLP, http://dblp.uni-trier.de}
}

@inproceedings{DBLP:conf/cikm/KapteinSVK10,
  author    = {Rianne Kaptein and
               Pavel Serdyukov and
               Arjen P. de Vries and
               Jaap Kamps},
  title     = {Entity ranking using Wikipedia as a pivot},
  booktitle = {CIKM},
  year      = {2010},
  pages     = {69-78},
  ee        = {http://doi.acm.org/10.1145/1871437.1871451},
  crossref  = {DBLP:conf/cikm/2010},
  bibsource = {DBLP, http://dblp.uni-trier.de}
}

@article{DBLP:journals/ipm/BalogAR09,
  author    = {Krisztian Balog and
               Leif Azzopardi and
               Maarten de Rijke},
  title     = {A language modeling framework for expert finding},
  journal   = {Inf. Process. Manage.},
  volume    = {45},
  number    = {1},
  year      = {2009},
  pages     = {1-19},
  ee        = {http://dx.doi.org/10.1016/j.ipm.2008.06.003},
  bibsource = {DBLP, http://dblp.uni-trier.de}
}

@inproceedings{DBLP:conf/cikm/BronBR10,
  author    = {Marc Bron and
               Krisztian Balog and
               Maarten de Rijke},
  title     = {Ranking related entities: components and analyses},
  booktitle = {CIKM},
  year      = {2010},
  pages     = {1079-1088},
  ee        = {http://doi.acm.org/10.1145/1871437.1871574},
  crossref  = {DBLP:conf/cikm/2010},
  bibsource = {DBLP, http://dblp.uni-trier.de}
}

@inproceedings{DBLP:conf/www/SuchanekKW07,
  author    = {Fabian M. Suchanek and
               Gjergji Kasneci and
               Gerhard Weikum},
  title     = {Yago: a core of semantic knowledge},
  booktitle = {WWW},
  year      = {2007},
  pages     = {697-706},
  ee        = {http://doi.acm.org/10.1145/1242572.1242667},
  crossref  = {DBLP:conf/www/2007},
  bibsource = {DBLP, http://dblp.uni-trier.de}
}

@inproceedings{DBLP:conf/ecir/PehcevskiVT08,
  author    = {Jovan Pehcevski and
               Anne-Marie Vercoustre and
               James A. Thom},
  title     = {Exploiting Locality of Wikipedia Links in Entity Ranking},
  booktitle = {ECIR},
  year      = {2008},
  pages     = {258-269},
  ee        = {http://dx.doi.org/10.1007/978-3-540-78646-7_25},
  crossref  = {DBLP:conf/ecir/2008},
  bibsource = {DBLP, http://dblp.uni-trier.de}
}

@article{DBLP:journals/ws/TummarelloCCDDD10,
  author    = {Giovanni Tummarello and
               Richard Cyganiak and
               Michele Catasta and
               Szymon Danielczyk and
               Renaud Delbru and
               Stefan Decker},
  title     = {Sig.ma: Live views on the Web of Data},
  journal   = {J. Web Sem.},
  volume    = {8},
  number    = {4},
  year      = {2010},
  pages     = {355-364},
  ee        = {http://dx.doi.org/10.1016/j.websem.2010.08.003},
  bibsource = {DBLP, http://dblp.uni-trier.de}
}

@inproceedings{DBLP:conf/sigir/Voorhees93,
  author    = {Ellen M. Voorhees},
  title     = {Using WordNet to Disambiguate Word Senses for Text Retrieval},
  booktitle = {SIGIR},
  year      = {1993},
  pages     = {171-180},
  ee        = {db/conf/sigir/Voorhees93.html},
  crossref  = {DBLP:conf/sigir/93},
  bibsource = {DBLP, http://dblp.uni-trier.de}
}

@inproceedings{DBLP:conf/sigir/Voorhees94,
  author    = {Ellen M. Voorhees},
  title     = {Query Expansion Using Lexical-Semantic Relations},
  booktitle = {SIGIR},
  year      = {1994},
  pages     = {61-69},
  ee        = {db/conf/sigir/Voorhees94.html},
  crossref  = {DBLP:conf/sigir/94},
  bibsource = {DBLP, http://dblp.uni-trier.de}
}