
 
@inproceedings{DBLP:conf/www/ChengGQ08,
  author    = {Gong Cheng and
               Weiyi Ge and
               Yuzhong Qu},
  title     = {Falcons: searching and browsing entities on the semantic
               web},
  booktitle = {WWW},
  year      = {2008},
  pages     = {1101-1102}
}

@inproceedings{tummarello2007swo,
  title={Sindice.com: Weaving the Open Linked Data},
  author    = {Giovanni Tummarello and
               Renaud Delbru and
               Eyal Oren},
  booktitle = {Proc. of ISWC/ASWC},
  year={2007},
  pages = {552-565}
}

@inproceedings{swoogle:2004,
 author = {Li Ding and Tim Finin and Anupam Joshi and Rong Pan and R. Scott Cost and Yun Peng and Pavan Reddivari and Vishal Doshi and Joel Sachs},
 title = {Swoogle: a search and metadata engine for the semantic web},
 booktitle = {Proc. of CIKM},
 year = {2004},
 pages = {652-659}
}

@inproceedings{watson:2007,
        title = {WATSON: A Gateway for the Semantic Web},
        author = {M. Sabou and C Baldassarre and L Gridinoc and S Angeletou and Enrico Motta and M. d'Aquin and M. Dzbor},
        booktitle = {ESWC 2007 poster session},
        month = {June},
        year = {2007-06}
}

@article{DBLP:journals/ws/WangLPFZTYP09,
  author    = {Haofen Wang and
               Qiaoling Liu and
               Thomas Penin and
               Linyun Fu and
               Lei Zhang and
               Thanh Tran and
               Yong Yu and
               Yue Pan},
  title     = {Semplore: A scalable IR approach to search the Web of Data},
  journal   = {J. Web Sem.},
  volume    = {7},
  number    = {3},
  year      = {2009},
  pages     = {177-188},
  ee        = {http://dx.doi.org/10.1016/j.websem.2009.08.001},
  bibsource = {DBLP, http://dblp.uni-trier.de}
}

@inproceedings{oracleRDF:2005,
  author = {Eugene Inseok Chong and Souripriya Das and George Eadon and Jagannathan Srinivasan},
  title = {An efficient SQL-based RDF querying scheme},
  booktitle = {Proc. of VLDB},
  year = {2005},
  pages = {1216-1227}
}

@INPROCEEDINGS{Kev06,
  AUTHOR    = "Kevin Wilkinson",
  TITLE     = "Jena Property Table Implementation",
  BOOKTITLE = "Proc. of SSWS",
  YEAR      = "2006",
}

@INPROCEEDINGS{LCJ+08,
  AUTHOR    = "Li Ma and Chen Wang and Jing Lu and Feng Cao and Yue Pan and Yong Yu",
  TITLE     = "Effective and Efficient Semantic Web Data Management on DB2",
  BOOKTITLE = "Proc. of SIGMOD",
  YEAR      = "2008",
}

@INPROCEEDINGS{CPA08,
  AUTHOR    = "Cathrin Weiss and Panagiotis Karras and Abraham Bernstein",
  TITLE     = "Hexastore: Sextuple Indexing for Semantic Web Data Management",
  BOOKTITLE = "Proc. of VLDB",
  YEAR      = "2008",
}

@article{RDF-3X-2008,
 author = {Thomas Neumann and Gerhard Weikum},
 title = {RDF-3X: a RISC-style engine for RDF},
 journal = {PVLDB},
  volume    = {1},
  number    = {1},
  year      = {2008},
  pages     = {647-659},
}

@inproceedings{harth2007yfr,
  title={YARS2: A Federated Repository for Querying Graph Structured Data from the Web},
  author    = {Andreas Harth and
               J{\"u}rgen Umbrich and
               Aidan Hogan and
               Stefan Decker},
  booktitle={Proc. of ISWC/ASWC},
  year={2007},
  pages = {211-224}
}

@article{DBLP:journals/ws/TranWH09,
  author    = {Thanh Tran and
               Haofen Wang and
               Peter Haase},
  title     = {Hermes: Data Web search on a pay-as-you-go integration infrastructure},
  journal   = {J. Web Sem.},
  volume    = {7},
  number    = {3},
  year      = {2009},
  pages     = {189-203},
  ee        = {http://dx.doi.org/10.1016/j.websem.2009.07.001},
  bibsource = {DBLP, http://dblp.uni-trier.de}
}

@inproceedings{DBLP:conf/sigmod/SarmaDH08,
  author    = {Anish Das Sarma and
               Xin Dong and
               Alon Y. Halevy},
  title     = {Bootstrapping pay-as-you-go data integration systems},
  booktitle = {SIGMOD Conference},
  year      = {2008},
  pages     = {861-874},
  ee        = {http://doi.acm.org/10.1145/1376616.1376702},
  crossref  = {DBLP:conf/sigmod/2008},
  bibsource = {DBLP, http://dblp.uni-trier.de}
}

@inproceedings{DBLP:conf/esws/LangeggerWB08,
  author    = {Andreas Langegger and
               Wolfram W{\"o}{\ss} and
               Martin Bl{\"o}chl},
  title     = {A Semantic Web Middleware for Virtual Data Integration on
               the Web},
  booktitle = {Proc. of the 5th European
               Semantic Web Conference, ESWC 2008},
  year      = {2008},
  pages     = {493-507},
  ee        = {http://dx.doi.org/10.1007/978-3-540-68234-9_37},
  bibsource = {DBLP, http://dblp.uni-trier.de}
}

@inproceedings{DBLP:conf/esws/QuilitzL08,
  author    = {Bastian Quilitz and
               Ulf Leser},
  title     = {Querying Distributed {RDF} Data Sources with {SPARQL}},
  booktitle = {Proc. of the 5th European
               Semantic Web Conference, ESWC 2008},
  year      = {2008},
  pages     = {524-538},
  ee        = {http://dx.doi.org/10.1007/978-3-540-68234-9_39},
  bibsource = {DBLP, http://dblp.uni-trier.de}
}

@article{DBLP:journals/is/KalashnikovP07,
  author    = {Dmitri V. Kalashnikov and
               Sunil Prabhakar},
  title     = {Fast similarity join for multi-dimensional data},
  journal   = {Inform. Syst.},
  volume    = {32},
  number    = {1},
  year      = {2007},
  pages     = {160-177},
  ee        = {http://dx.doi.org/10.1016/j.is.2005.07.002},
  bibsource = {DBLP, http://dblp.uni-trier.de}
}

@article{DBLP:journals/dke/SchallehnSS04,
  author    = {Eike Schallehn and
               Kai-Uwe Sattler and
               Gunter Saake},
  title     = {Efficient similarity-based operations for data integration},
  journal   = {Data Knowl. Eng.},
  volume    = {48},
  number    = {3},
  year      = {2004},
  pages     = {361-387},
  ee        = {http://dx.doi.org/10.1016/j.datak.2003.08.004},
  bibsource = {DBLP, http://dblp.uni-trier.de}
}
