@inproceedings{Wu:2007:TKA:1247480.1247549,
 author = {Wu, Ping and Sismanis, Yannis and Reinwald, Berthold},
 title = {Towards keyword-driven analytical processing},
 booktitle = {Proceedings of the 2007 ACM SIGMOD international conference on Management of data},
 series = {SIGMOD '07},
 year = {2007},
 isbn = {978-1-59593-686-8},
 location = {Beijing, China},
 pages = {617--628},
 numpages = {12},
 acmid = {1247549},
 publisher = {ACM},
 address = {New York, NY, USA},
 keywords = {OLAP, aggregation, data warehouse, keyword search, ranking},
} 

@inproceedings{Jacob:2011:SWK:1989323.1989384,
 author = {Jacob, Marie and Ives, Zachary},
 title = {Sharing work in keyword search over databases},
 booktitle = {Proceedings of the 2011 international conference on Management of data},
 series = {SIGMOD '11},
 year = {2011},
 isbn = {978-1-4503-0661-4},
 location = {Athens, Greece},
 pages = {577--588},
 numpages = {12},
 acmid = {1989384},
 publisher = {ACM},
 address = {New York, NY, USA},
 keywords = {keyword search, multiple query optimization, top-k queries},
} 

@inproceedings{Woods:1973:PNL:1499586.1499695,
 author = {Woods, W. A.},
 title = {Progress in natural language understanding: an application to lunar geology},
 booktitle = {Proceedings of the June 4-8, 1973, national computer conference and exposition},
 series = {AFIPS '73},
 year = {1973},
 location = {New York, New York},
 pages = {441--450},
 numpages = {10},
 acmid = {1499695},
 publisher = {ACM},
 address = {New York, NY, USA},
} 

@incollection{Woods:1986:SQN:21922.24336,
 author = {Woods, W A},
 chapter = {Semantics and quantification in natural language question answering},
 title = {Readings in natural language processing},
 editor = {Grosz, Barbara J. and Sparck-Jones, Karen and Webber, Bonnie Lynn},
 year = {1986},
 isbn = {            0-934613-11-7      },
 pages = {205--248},
 numpages = {44},
 url = {http://dl.acm.org/citation.cfm?id=21922.24336},
 acmid = {24336},
 publisher = {Morgan Kaufmann Publishers Inc.},
 address = {San Francisco, CA, USA},
} 

@inproceedings{Green:1961:BAQ:1460690.1460714,
 author = {Green,Jr., Bert F. and Wolf, Alice K. and Chomsky, Carol and Laughery, Kenneth},
 title = {Baseball: an automatic question-answerer},
 booktitle = {Papers presented at the May 9-11, 1961, western joint IRE-AIEE-ACM computer conference},
 series = {IRE-AIEE-ACM '61 (Western)},
 year = {1961},
 location = {Los Angeles, California},
 pages = {219--224},
 numpages = {6},
 acmid = {1460714},
 publisher = {ACM},
 address = {New York, NY, USA},
} 

@inproceedings{Kotov:2010:TNQ:1772690.1772746,
 author = {Kotov, Alexander and Zhai, ChengXiang},
 title = {Towards natural question guided search},
 booktitle = {Proceedings of the 19th international conference on World wide web},
 series = {WWW '10},
 year = {2010},
 isbn = {978-1-60558-799-8},
 location = {Raleigh, North Carolina, USA},
 pages = {541--550},
 numpages = {10},
 acmid = {1772746},
 publisher = {ACM},
 address = {New York, NY, USA},
 keywords = {interactive search, query processing, search interface},
} 


@inproceedings{Mooney:2009:LSP:1533136.1533172,
 author = {Mooney, Raymond J.},
 title = {Learning for Semantic Parsing},
 booktitle = {Proceedings of the 8th International Conference on Computational Linguistics and Intelligent Text Processing},
 series = {CICLing '07},
 year = {2007},
 isbn = {978-3-540-70938-1},
 location = {Mexico City, Mexico},
 pages = {311--324},
 numpages = {14},
 acmid = {1533172},
 publisher = {Springer-Verlag},
 address = {Berlin, Heidelberg},
} 

@inproceedings{Popescu:2004:MNL:1220355.1220376,
 author = {Popescu, Ana-Maria and Armanasu, Alex and Etzioni, Oren and Ko, David and Yates, Alexander},
 title = {Modern natural language interfaces to databases: composing statistical parsing with semantic tractability},
 booktitle = {Proceedings of the 20th international conference on Computational Linguistics},
 series = {COLING '04},
 year = {2004},
 location = {Geneva, Switzerland},
 articleno = {141},
 acmid = {1220376},
 publisher = {Association for Computational Linguistics},
 address = {Stroudsburg, PA, USA},
} 

@inproceedings{Ferrandez:2010:BID:1754239.1754256,
 author = {Ferr\'{a}ndez, Antonio and Peral, Jes\'{u}s},
 title = {The benefits of the interaction between data warehouses and question answering},
 booktitle = {Proceedings of the 2010 EDBT/ICDT Workshops},
 series = {EDBT '10},
 year = {2010},
 isbn = {978-1-60558-990-9},
 location = {Lausanne, Switzerland},
 pages = {15:1--15:8},
 articleno = {15},
 numpages = {8},
 acmid = {1754256},
 publisher = {ACM},
 address = {New York, NY, USA},
 keywords = {business intelligence, data warehouse, information retrieval, ontology, question answering},
} 

@article{Pu:2008:KQC:1453856.1453955,
 author = {Pu, Ken Q. and Yu, Xiaohui},
 title = {Keyword query cleaning},
 journal = {Proc. VLDB Endow.},
 issue_date = {August 2008},
 volume = {1},
 issue = {1},
 month = {August},
 year = {2008},
 issn = {2150-8097},
 pages = {909--920},
 numpages = {12},
 acmid = {1453955},
 publisher = {VLDB Endowment},
} 

@inproceedings{DBLP:conf/icde/AgrawalCD02,
  author    = {Sanjay Agrawal and
               Surajit Chaudhuri and
               Gautam Das},
  title     = {DBXplorer: A System for Keyword-Based Search over Relational
               Databases},
  booktitle = {ICDE},
  year      = {2002},
  pages     = {5-16},
  crossref  = {DBLP:conf/icde/2002},
  bibsource = {DBLP, http://dblp.uni-trier.de}
}
@proceedings{DBLP:conf/icde/2002,
  title     = {Proceedings of the 18th International Conference on Data
               Engineering, 26 February - 1 March 2002, San Jose, CA},
  publisher = {IEEE Computer Society},
  year      = {2002},
  isbn      = {0-7695-1531-2},
  bibsource = {DBLP, http://dblp.uni-trier.de}
} 

@inproceedings{Hristidis:2002:DKS:1287369.1287427,
 author = {Hristidis, Vagelis and Papakonstantinou, Yannis},
 title = {Discover: keyword search in relational databases},
 booktitle = {Proceedings of the 28th international conference on Very Large Data Bases},
 series = {VLDB '02},
 year = {2002},
 location = {Hong Kong, China},
 pages = {670--681},
 numpages = {12},
 acmid = {1287427},
 publisher = {VLDB Endowment},
} 

@inproceedings{Hristidis:2003:EIK:1315451.1315524,
 author = {Hristidis, Vagelis and Gravano, Luis and Papakonstantinou, Yannis},
 title = {Efficient IR-style keyword search over relational databases},
 booktitle = {Proceedings of the 29th international conference on Very large data bases - Volume 29},
 series = {VLDB '2003},
 year = {2003},
 isbn = {0-12-722442-4},
 location = {Berlin, Germany},
 pages = {850--861},
 numpages = {12},
 acmid = {1315524},
 publisher = {VLDB Endowment},
} 

@inproceedings{Balmin:2004:OAK:1316689.1316739,
 author = {Balmin, Andrey and Hristidis, Vagelis and Papakonstantinou, Yannis},
 title = {Objectrank: authority-based keyword search in databases},
 booktitle = {Proceedings of the Thirtieth international conference on Very large data bases - Volume 30},
 series = {VLDB '04},
 year = {2004},
 isbn = {0-12-088469-0},
 location = {Toronto, Canada},
 pages = {564--575},
 numpages = {12},
 acmid = {1316739},
 publisher = {VLDB Endowment},
} 

@inproceedings{Zhou:2007:SAK:1785162.1785213,
 author = {Zhou, Qi and Wang, Chong and Xiong, Miao and Wang, Haofen and Yu, Yong},
 title = {SPARK: adapting keyword query to semantic search},
 booktitle = {Proceedings of the 6th international The semantic web and 2nd Asian conference on Asian semantic web conference},
 series = {ISWC'07/ASWC'07},
 year = {2007},
 isbn = {3-540-76297-3, 978-3-540-76297-3},
 location = {Busan, Korea},
 pages = {694--707},
 numpages = {14},
 acmid = {1785213},
 publisher = {Springer-Verlag},
 address = {Berlin, Heidelberg},
} 

@inproceedings{Cali:2009:GDF:1559795.1559809,
 author = {Cal\`{\i}, Andrea and Gottlob, Georg and Lukasiewicz, Thomas},
 title = {A general datalog-based framework for tractable query answering over ontologies},
 booktitle = {Proceedings of the twenty-eighth ACM SIGMOD-SIGACT-SIGART symposium on Principles of database systems},
 series = {PODS '09},
 year = {2009},
 isbn = {978-1-60558-553-6},
 location = {Providence, Rhode Island, USA},
 pages = {77--86},
 numpages = {10},
 acmid = {1559809},
 publisher = {ACM},
 address = {New York, NY, USA},
 keywords = {chase, complexity, conjunctive queries, constraints, datalog, dependencies, ontologies, query evaluation, semantic web, tractability},
}

@inproceedings{DBLP:conf/aaai/CaliGP11,
  author    = {Andrea Cal\`{\i} and
               Georg Gottlob and
               Andreas Pieris},
  title     = {New Expressive Languages for Ontological Query Answering},
  booktitle = {AAAI},
  year      = {2011},
  crossref  = {DBLP:conf/aaai/2011},
  bibsource = {DBLP, http://dblp.uni-trier.de}
}

@proceedings{DBLP:conf/aaai/2011,
  editor    = {Wolfram Burgard and
               Dan Roth},
  title     = {Proceedings of the Twenty-Fifth AAAI Conference on Artificial
               Intelligence, AAAI 2011, San Francisco, California, USA,
               August 7-11, 2011},
  booktitle = {AAAI},
  publisher = {AAAI Press},
  year      = {2011},
  bibsource = {DBLP, http://dblp.uni-trier.de}
}

@inproceedings{DBLP:conf/icde/KoutrikaSI10,
  author    = {Georgia Koutrika and
               Alkis Simitsis and
               Yannis E. Ioannidis},
  title     = {Explaining structured queries in natural language},
  booktitle = {ICDE},
  year      = {2010},
  pages     = {333-344},
  crossref  = {DBLP:conf/icde/2010},
  bibsource = {DBLP, http://dblp.uni-trier.de}
}

@proceedings{DBLP:conf/icde/2010,
  editor    = {Feifei Li and
               Mirella M. Moro and
               Shahram Ghandeharizadeh and
               Jayant R. Haritsa and
               Gerhard Weikum and
               Michael J. Carey and
               Fabio Casati and
               Edward Y. Chang and
               Ioana Manolescu and
               Sharad Mehrotra and
               Umeshwar Dayal and
               Vassilis J. Tsotras},
  title     = {Proceedings of the 26th International Conference on Data
               Engineering, ICDE 2010, March 1-6, 2010, Long Beach, California,
               USA},
  booktitle = {ICDE},
  publisher = {IEEE},
  year      = {2010},
  isbn      = {978-1-4244-5444-0},
  bibsource = {DBLP, http://dblp.uni-trier.de}
}

@article{Li:2011:PBK:1938123.1938150,
 author = {Li, Guoliang and Feng, Jianhua and Zhou, Xiaofang and Wang, Jianyong},
 title = {Providing built-in keyword search capabilities in RDBMS},
 journal = {The VLDB Journal},
 issue_date = {February  2011},
 volume = {20},
 issue = {1},
 month = {February},
 year = {2011},
 issn = {1066-8888},
 pages = {1--19},
 numpages = {19},
 acmid = {1938150},
 publisher = {Springer-Verlag New York, Inc.},
 address = {Secaucus, NJ, USA},
 keywords = {Approximate algorithms, Compact Steiner tree, Keyword search, Progressive search, Relational databases, Steiner Tree, Structure-aware index},
} 

@inproceedings{Luo:2007:STK:1247480.1247495,
 author = {Luo, Yi and Lin, Xuemin and Wang, Wei and Zhou, Xiaofang},
 title = {Spark: top-k keyword query in relational databases},
 booktitle = {Proceedings of the 2007 ACM SIGMOD international conference on Management of data},
 series = {SIGMOD '07},
 year = {2007},
 isbn = {978-1-59593-686-8},
 location = {Beijing, China},
 pages = {115--126},
 numpages = {12},
 acmid = {1247495},
 publisher = {ACM},
 address = {New York, NY, USA},
 keywords = {information retrieval, keyword search, relational database, top-k},
} 

@inproceedings{Hulgeri:2002:KSB:876875.879034,
 author = {Hulgeri, Arvind and Nakhe, Charuta},
 title = {Keyword Searching and Browsing in Databases using BANKS},
 booktitle = {Proceedings of the 18th International Conference on Data Engineering},
 series = {ICDE '02},
 year = {2002},
 pages = {431--},
 acmid = {879034},
 publisher = {IEEE Computer Society},
 address = {Washington, DC, USA},
 keywords = {keyword searching, web, publishing data, database browsing},
} 

@inproceedings{Kacholia:2005:BEK:1083592.1083652,
 author = {Kacholia, Varun and Pandit, Shashank and Chakrabarti, Soumen and Sudarshan, S. and Desai, Rushi and Karambelkar, Hrishikesh},
 title = {Bidirectional expansion for keyword search on graph databases},
 booktitle = {Proceedings of the 31st international conference on Very large data bases},
 series = {VLDB '05},
 year = {2005},
 isbn = {1-59593-154-6},
 location = {Trondheim, Norway},
 pages = {505--516},
 numpages = {12},
 acmid = {1083652},
 publisher = {VLDB Endowment},
} 

@inproceedings{DBLP:conf/icde/DingYWQZL07,
  author    = {Bolin Ding and
               Jeffrey Xu Yu and
               Shan Wang and
               Lu Qin and
               Xiao Zhang and
               Xuemin Lin},
  title     = {Finding Top-k Min-Cost Connected Trees in Databases},
  booktitle = {ICDE},
  year      = {2007},
  pages     = {836-845},
  crossref  = {DBLP:conf/icde/2007},
  bibsource = {DBLP, http://dblp.uni-trier.de}
}

@proceedings{DBLP:conf/icde/2007,
  title     = {Proceedings of the 23rd International Conference on Data
               Engineering, ICDE 2007,  April 15-20, 2007, The Marmara
               Hotel, Istanbul, Turkey},
  booktitle = {ICDE},
  publisher = {IEEE},
  year      = {2007},
  bibsource = {DBLP, http://dblp.uni-trier.de}
}

@inproceedings{He:2007:BRK:1247480.1247516,
 author = {He, Hao and Wang, Haixun and Yang, Jun and Yu, Philip S.},
 title = {BLINKS: ranked keyword searches on graphs},
 booktitle = {Proceedings of the 2007 ACM SIGMOD international conference on Management of data},
 series = {SIGMOD '07},
 year = {2007},
 isbn = {978-1-59593-686-8},
 location = {Beijing, China},
 pages = {305--316},
 numpages = {12},
 acmid = {1247516},
 publisher = {ACM},
 address = {New York, NY, USA},
 keywords = {graphs, indexing, keyword search, ranking},
} 

@article{DBLP:journals/corr/cmp-lg-9503016,
  author    = {Ion Androutsopoulos and
               Graeme D. Ritchie and
               Peter Thanisch},
  title     = {Natural Language Interfaces to Databases - An Introduction},
  journal   = {CoRR},
  volume    = {cmp-lg/9503016},
  year      = {1995},
  bibsource = {DBLP, http://dblp.uni-trier.de}
}

@article{DBLP:journals/tois/Epstein85,
  author    = {Samuel S. Epstein},
  title     = {Transportable Natural Language Processing through Simplicity
               - The PRE System},
  journal   = {ACM Trans. Inf. Syst.},
  volume    = {3},
  number    = {2},
  year      = {1985},
  pages     = {107-120},
  bibsource = {DBLP, http://dblp.uni-trier.de}
}

@inproceedings{Saquete:2004:SCT:1218955.1219027,
 author = {Saquete, E. and Mart\'{\i}nez-Barco, P. and Mu\~{n}oz, R. and Vicedo, J. L.},
 title = {Splitting complex temporal questions for question answering systems},
 booktitle = {Proceedings of the 42nd Annual Meeting on Association for Computational Linguistics},
 series = {ACL '04},
 year = {2004},
 location = {Barcelona, Spain},
 articleno = {566},
 acmid = {1219027},
 publisher = {Association for Computational Linguistics},
 address = {Stroudsburg, PA, USA},
} 

@inproceedings{Li:2005:NIN:1066157.1066281,
 author = {Li, Yunyao and Yang, Huahai and Jagadish, H. V.},
 title = {NaLIX: an interactive natural language interface for querying XML},
 booktitle = {Proceedings of the 2005 ACM SIGMOD international conference on Management of data},
 series = {SIGMOD '05},
 year = {2005},
 isbn = {1-59593-060-4},
 location = {Baltimore, Maryland},
 pages = {900--902},
 numpages = {3},
 acmid = {1066281},
 publisher = {ACM},
 address = {New York, NY, USA},
} 

@inproceedings{Li:2007:EDG:1619645.1619779,
 author = {Li, Yunyao and Chaudhuri, Ishan and Yang, Huahai and Singh, Satinder and Jagadish, H. V.},
 title = {Enabling domain-awareness for a generic natural language interface},
 booktitle = {Proceedings of the 22nd national conference on Artificial intelligence - Volume 1},
 year = {2007},
 isbn = {978-1-57735-323-2},
 location = {Vancouver, British Columbia, Canada},
 pages = {833--838},
 numpages = {6},
 acmid = {1619779},
 publisher = {AAAI Press},
} 



@inproceedings{Popescu:2003:TTN:604045.604070,
 author = {Popescu, Ana-Maria and Etzioni, Oren and Kautz, Henry},
 title = {Towards a theory of natural language interfaces to databases},
 booktitle = {Proceedings of the 8th international conference on Intelligent user interfaces},
 series = {IUI '03},
 year = {2003},
 isbn = {1-58113-586-6},
 location = {Miami, Florida, USA},
 pages = {149--157},
 numpages = {9},
 acmid = {604070},
 publisher = {ACM},
 address = {New York, NY, USA},
 keywords = {database, natural language interface, reliability},
} 




@inproceedings{DBLP:conf/edbt/LiYJ06,
  author    = {Yunyao Li and
               Huahai Yang and
               H. V. Jagadish},
  title     = {Constructing a Generic Natural Language Interface for an
               XML Database},
  booktitle = {EDBT},
  year      = {2006},
  pages     = {737-754},
  crossref  = {DBLP:conf/edbt/2006},
  bibsource = {DBLP, http://dblp.uni-trier.de}
}
@proceedings{DBLP:conf/edbt/2006,
  editor    = {Yannis E. Ioannidis and
               Marc H. Scholl and
               Joachim W. Schmidt and
               Florian Matthes and
               Michael Hatzopoulos and
               Klemens B{\"o}hm and
               Alfons Kemper and
               Torsten Grust and
               Christian B{\"o}hm},
  title     = {Advances in Database Technology - EDBT 2006, 10th International
               Conference on Extending Database Technology, Munich, Germany,
               March 26-31, 2006, Proceedings},
  booktitle = {EDBT},
  publisher = {Springer},
  series    = {Lecture Notes in Computer Science},
  volume    = {3896},
  year      = {2006},
  isbn      = {3-540-32960-9},
  bibsource = {DBLP, http://dblp.uni-trier.de}
}


@inproceedings{DBLP:conf/uai/ZettlemoyerC05,
  author    = {Luke S. Zettlemoyer and
               Michael Collins},
  title     = {Learning to Map Sentences to Logical Form: Structured Classification
               with Probabilistic Categorial Grammars},
  booktitle = {UAI},
  year      = {2005},
  pages     = {658-666},
  crossref  = {DBLP:conf/uai/2005},
  bibsource = {DBLP, http://dblp.uni-trier.de}
}
@proceedings{DBLP:conf/uai/2005,
  title     = {UAI '05, Proceedings of the 21st Conference in Uncertainty
               in Artificial Intelligence, July 26-29 2005, Edinburgh,
               Scotland},
  booktitle = {UAI},
  publisher = {AUAI Press},
  year      = {2005},
  isbn      = {0-9749039-1-4},
  bibsource = {DBLP, http://dblp.uni-trier.de}
}


@inproceedings{DBLP:conf/acl/Sowa79,
  author    = {John F. Sowa},
  title     = {Semantics of Conceptual Graphs},
  booktitle = {ACL},
  year      = {1979},
  bibsource = {DBLP, http://dblp.uni-trier.de}
}



@inproceedings{DBLP:conf/emnlp/TaskarKCKM04,
  author    = {Ben Taskar and
               Dan Klein and
               Mike Collins and
               Daphne Koller and
               Christopher D. Manning},
  title     = {Max-Margin Parsing},
  booktitle = {EMNLP},
  year      = {2004},
  pages     = {1-8},
  ee        = {http://www.aclweb.org/anthology/W04-3201},
  crossref  = {DBLP:conf/emnlp/2004},
  bibsource = {DBLP, http://dblp.uni-trier.de}
}
@proceedings{DBLP:conf/emnlp/2004,
  title     = {Proceedings of the 2004 Conference on Empirical Methods
               in Natural Language Processing , EMNLP 2004, A meeting of
               SIGDAT, a Special Interest Group of the ACL, held in conjunction
               with ACL 2004, 25-26 July 2004, Barcelona, Spain},
  booktitle = {EMNLP},
  publisher = {ACL},
  year      = {2004},
  bibsource = {DBLP, http://dblp.uni-trier.de}
}




@article{Sung:2009:ASP:1576283.1576285,
 author = {Sung, Cheng-Lung and Lee, Cheng-Wei and Yen, Hsu-Chun and Hsu, Wen-Lian},
 title = {Alignment-based surface patterns for factoid question answering systems},
 journal = {Integr. Comput.-Aided Eng.},
 volume = {16},
 issue = {3},
 month = {August},
 year = {2009},
 issn = {1069-2509},
 pages = {259--269},
 numpages = {11},
 url = {http://dl.acm.org/citation.cfm?id=1576283.1576285},
 acmid = {1576285},
 publisher = {IOS Press},
 address = {Amsterdam, The Netherlands, The Netherlands},
} 

@article{Benedikt:2009:XRL:1620585.1620592,
 author = {Benedikt, Michael and Koch, Christoph},
 title = {From XQuery to relational logics},
 journal = {ACM Trans. Database Syst.},
 issue_date = {December 2009},
 volume = {34},
 issue = {4},
 month = {December},
 year = {2009},
 issn = {0362-5915},
 pages = {25:1--25:48},
 articleno = {25},
 numpages = {48},
 url = {http://doi.acm.org/10.1145/1620585.1620592},
 doi = {http://doi.acm.org/10.1145/1620585.1620592},
 acmid = {1620592},
 publisher = {ACM},
 address = {New York, NY, USA},
} 



@article{Weizenbaum:1966:ECP:365153.365168,
 author = {Weizenbaum, Joseph},
 title = {ELIZA-a computer program for the study of natural language communication between man and machine},
 journal = {Commun. ACM},
 volume = {9},
 issue = {1},
 month = {January},
 year = {1966},
 issn = {0001-0782},
 pages = {36--45},
 numpages = {10},
 url = {http://doi.acm.org/10.1145/365153.365168},
 doi = {http://doi.acm.org/10.1145/365153.365168},
 acmid = {365168},
 publisher = {ACM},
 address = {New York, NY, USA},
} 











@article{Hendrix:1978:DNL:320251.320253,
 author = {Hendrix, Gary G. and Sacerdoti, Earl D. and Sagalowicz, Daniel and Slocum, Jonathan},
 title = {Developing a natural language interface to complex data},
 journal = {ACM Trans. Database Syst.},
 volume = {3},
 issue = {2},
 month = {June},
 year = {1978},
 issn = {0362-5915},
 pages = {105--147},
 numpages = {43},
 url = {http://doi.acm.org/10.1145/320251.320253},
 doi = {http://doi.acm.org/10.1145/320251.320253},
 acmid = {320253},
 publisher = {ACM},
 address = {New York, NY, USA},
 keywords = {database access, human engineering, intelligent interface, natural language, run-time personalization, semantic grammar},
} 



@inproceedings{Fuchs:1999:CNL:519308.786905,
 author = {Fuchs, Norbert E. and Schwertel, Uta and Torge, Sunna},
 title = {Controlled Natural Language Can Replace First-Order Logic},
 booktitle = {Proceedings of the 14th IEEE international conference on Automated software engineering},
 series = {ASE '99},
 year = {1999},
 isbn = {0-7695-0415-9},
 pages = {295--},
 url = {http://dl.acm.org/citation.cfm?id=519308.786905},
 acmid = {786905},
 publisher = {IEEE Computer Society},
 address = {Washington, DC, USA},
 keywords = {formal methods, automatic reasoning, controlled natural language, Attempto Controlled English, model generation, EP Tableaux, database schema design, Schubert's Steamroller},
} 

@article{Mikheev:1997:ARI:972705.972708,
 author = {Mikheev, Andrei},
 title = {Automatic rule induction for unknown-word guessing},
 journal = {Comput. Linguist.},
 issue_date = {September 1997},
 volume = {23},
 issue = {3},
 month = sep,
 year = {1997},
 issn = {0891-2017},
 pages = {405--423},
 numpages = {19},
 url = {http://dl.acm.org/citation.cfm?id=972705.972708},
 acmid = {972708},
 publisher = {MIT Press},
 address = {Cambridge, MA, USA},
} 

@inproceedings{Carbonell:1983:DPE:981311.981343,
 author = {Carbonell, Jaime G.},
 title = {Discourse pragmatics and ellipsis resolution in task-oriented natural language interfaces},
 booktitle = {Proceedings of the 21st annual meeting on Association for Computational Linguistics},
 series = {ACL '83},
 year = {1983},
 location = {Cambridge, Massachusetts},
 pages = {164--168},
 numpages = {5},
 url = {http://dx.doi.org/10.3115/981311.981343},
 doi = {http://dx.doi.org/10.3115/981311.981343},
 acmid = {981343},
 publisher = {Association for Computational Linguistics},
 address = {Stroudsburg, PA, USA},
} 

@inproceedings{Wang:2007:PPN:1419662.1419706,
 author = {Wang, Chong and Xiong, Miao and Zhou, Qi and Yu, Yong},
 title = {PANTO: A Portable Natural Language Interface to Ontologies},
 booktitle = {Proceedings of the 4th European conference on The Semantic Web: Research and Applications},
 series = {ESWC '07},
 year = {2007},
 isbn = {978-3-540-72666-1},
 location = {Innsbruck, Austria},
 pages = {473--487},
 numpages = {15},
 url = {http://dx.doi.org/10.1007/978-3-540-72667-8_34},
 doi = {http://dx.doi.org/10.1007/978-3-540-72667-8_34},
 acmid = {1419706},
 publisher = {Springer-Verlag},
 address = {Berlin, Heidelberg},
} 


@article{Grosz:1987:TED:25672.25674,
 author = {Grosz, Barbara J. and Appelt, Douglas E. and Martin, Paul A. and Pereira, Fernando C. N.},
 title = {TEAM: an experiment in the design of transportable natural-language interfaces},
 journal = {Artif. Intell.},
 volume = {32},
 issue = {2},
 month = {May},
 year = {1987},
 issn = {0004-3702},
 pages = {173--243},
 numpages = {71},
 url = {http://dl.acm.org/citation.cfm?id=25672.25674},
 doi = {10.1016/0004-3702(87)90011-7},
 acmid = {25674},
 publisher = {Elsevier Science Publishers Ltd.},
 address = {Essex, UK},
} 

@inproceedings{Cimiano:2007:PNL:1216295.1216330,
 author = {Cimiano, Philipp and Haase, Peter and Heizmann, J\"{o}rg},
 title = {Porting natural language interfaces between domains: an experimental user study with the ORAKEL system},
 booktitle = {Proceedings of the 12th international conference on Intelligent user interfaces},
 series = {IUI '07},
 year = {2007},
 isbn = {1-59593-481-2},
 location = {Honolulu, Hawaii, USA},
 pages = {180--189},
 numpages = {10},
 url = {http://doi.acm.org/10.1145/1216295.1216330},
 doi = {http://doi.acm.org/10.1145/1216295.1216330},
 acmid = {1216330},
 publisher = {ACM},
 address = {New York, NY, USA},
 keywords = {evaluation, natural language interfaces, portability},
} 


@book{Staab:2009:HO:1655829,
 author = {Staab, Steffen and Studer, Rudi},
 title = {Handbook on Ontologies},
 year = {2009},
 isbn = {3540709991, 9783540709992},
 edition = {2nd},
 publisher = {Springer Publishing Company, Incorporated},
} 




@inproceedings{Li:2007:DDN:1247480.1247643,
 author = {Li, Yunyao and Chaudhuri, Ishan and Yang, Huahai and Singh, Satinder and Jagadish, H. V.},
 title = {DaNaLIX: a domain-adaptive natural language interface for querying XML},
 booktitle = {Proceedings of the 2007 ACM SIGMOD international conference on Management of data},
 series = {SIGMOD '07},
 year = {2007},
 isbn = {978-1-59593-686-8},
 location = {Beijing, China},
 pages = {1165--1168},
 numpages = {4},
 url = {http://doi.acm.org/10.1145/1247480.1247643},
 doi = {http://doi.acm.org/10.1145/1247480.1247643},
 acmid = {1247643},
 publisher = {ACM},
 address = {New York, NY, USA},
 keywords = {XML, domain adaptiveness, domain awareness, natural language interface for databases},
} 


@article{Zadeh:2004:PNL:1045744.1045753,
 author = {Zadeh, Lotfi A.},
 title = {Precisiated natural language (PNL)},
 journal = {AI Mag.},
 volume = {25},
 issue = {3},
 month = {September},
 year = {2004},
 issn = {0738-4602},
 pages = {74--91},
 numpages = {18},
 url = {http://dl.acm.org/citation.cfm?id=1045744.1045753},
 acmid = {1045753},
 publisher = {American Association for Artificial Intelligence},
 address = {Menlo Park, CA, USA},
} 

@inproceedings{DBLP:conf/esws/LopezMU06,
  author    = {Vanessa Lopez and
               Enrico Motta and
               Victoria S. Uren},
  title     = {PowerAqua: Fishing the Semantic Web},
  booktitle = {ESWC},
  year      = {2006},
  pages     = {393-410},
  ee        = {http://dx.doi.org/10.1007/11762256_30},
  crossref  = {DBLP:conf/esws/2006},
  bibsource = {DBLP, http://dblp.uni-trier.de}
}
@proceedings{DBLP:conf/esws/2006,
  editor    = {York Sure and
               John Domingue},
  title     = {The Semantic Web: Research and Applications, 3rd European
               Semantic Web Conference, ESWC 2006, Budva, Montenegro, June
               11-14, 2006, Proceedings},
  booktitle = {ESWC},
  publisher = {Springer},
  series    = {Lecture Notes in Computer Science},
  volume    = {4011},
  year      = {2006},
  isbn      = {3-540-34544-2},
  bibsource = {DBLP, http://dblp.uni-trier.de}
}





@inproceedings{Tablan:2008:NLQ:1789394.1789430,
 author = {Tablan, Valentin and Damljanovic, Danica and Bontcheva, Kalina},
 title = {A natural language query interface to structured information},
 booktitle = {Proceedings of the 5th European semantic web conference on The semantic web: research and applications},
 series = {ESWC'08},
 year = {2008},
 isbn = {3-540-68233-3, 978-3-540-68233-2},
 location = {Tenerife, Canary Islands, Spain},
 pages = {361--375},
 numpages = {15},
 url = {http://dl.acm.org/citation.cfm?id=1789394.1789430},
 acmid = {1789430},
 publisher = {Springer-Verlag},
 address = {Berlin, Heidelberg},
 keywords = {conceptual search, querying, searching, user interfaces},
} 

@inproceedings{Lopez:2009:COQ:1597735.1597739,
 author = {Lopez, Vanessa and Uren, Victoria and Sabou, Marta Reka and Motta, Enrico},
 title = {Cross ontology query answering on the semantic web: an initial evaluation},
 booktitle = {Proceedings of the fifth international conference on Knowledge capture},
 series = {K-CAP '09},
 year = {2009},
 isbn = {978-1-60558-658-8},
 location = {Redondo Beach, California, USA},
 pages = {17--24},
 numpages = {8},
 url = {http://doi.acm.org/10.1145/1597735.1597739},
 doi = {http://doi.acm.org/10.1145/1597735.1597739},
 acmid = {1597739},
 publisher = {ACM},
 address = {New York, NY, USA},
 keywords = {natural language, querying ontologies, question answering, semantic web},
} 


@inproceedings{Hendrix:1981:TNI:981923.981965,
 author = {Hendrix, Gary G. and Lewis, William H.},
 title = {Transportable natural-language interfaces to databases},
 booktitle = {Proceedings of the 19th annual meeting on Association for Computational Linguistics},
 series = {ACL '81},
 year = {1981},
 location = {Stanford, California},
 pages = {159--165},
 numpages = {7},
 url = {http://dx.doi.org/10.3115/981923.981965},
 doi = {http://dx.doi.org/10.3115/981923.981965},
 acmid = {981965},
 publisher = {Association for Computational Linguistics},
 address = {Stroudsburg, PA, USA},
} 


@inproceedings{Bates:1983:IRU:511793.511804,
 author = {Bates, Madeleine and Bobrow, Robert J.},
 title = {Information retrieval using a transportable natural language interface},
 booktitle = {Proceedings of the 6th annual international ACM SIGIR conference on Research and development in information retrieval},
 series = {SIGIR '83},
 year = {1983},
 isbn = {0-89791-107-5},
 location = {Bethesda, Maryland},
 pages = {81--86},
 numpages = {6},
 url = {http://doi.acm.org/10.1145/511793.511804},
 doi = {http://doi.acm.org/10.1145/511793.511804},
 acmid = {511804},
 publisher = {ACM},
 address = {New York, NY, USA},
} 

@manual{Artificial1981,
    Author ={Artificial Intelligence Corp},
    Title ={Intellect Query System User's Guide},
    Organization ={Release 101, Artifical Intelligence Corp, Waltham MA.},
    Year =1981,
    Class ={> DBDquery.3.4>},
    Annote ={ACL}
}


@inproceedings{Hafner:1984:IKS:980491.980505,
 author = {Hafner, Carole D.},
 title = {Interaction of knowledge sources in a portable natural language interface},
 booktitle = {Proceedings of the 10th International Conference on Computational Linguistics  and 22nd annual meeting on Association for Computational Linguistics},
 series = {ACL '84},
 year = {1984},
 location = {Stanford, California},
 pages = {57--60},
 numpages = {4},
 url = {http://dx.doi.org/10.3115/980491.980505},
 doi = {http://dx.doi.org/10.3115/980491.980505},
 acmid = {980505},
 publisher = {Association for Computational Linguistics},
 address = {Stroudsburg, PA, USA},
} 




@inproceedings{Hoeppner:1983:BDE:1623373.1623509,
 author = {Hoeppner, Wolfgang and Christaller, Thomas and Marburger, Heinz and Morik, Katharina and Nebel, Bernhard and O'Leary, Mike and Wahlster, Wolfgang},
 title = {Beyond domain-independence: experience with the development of a German language access system to highly diverse background systems},
 booktitle = {Proceedings of the Eighth international joint conference on Artificial intelligence - Volume 1},
 year = {1983},
 location = {Karlsruhe, West Germany},
 pages = {588--594},
 numpages = {7},
 url = {http://dl.acm.org/citation.cfm?id=1623373.1623509},
 acmid = {1623509},
 publisher = {Morgan Kaufmann Publishers Inc.},
 address = {San Francisco, CA, USA},
} 




@article{Harris:1977:RHP:1045283.1045309,
 author = {Harris, Larry R.},
 title = {ROBOT: a high performance natural language processor for data base query},
 journal = {SIGART Bull.},
 issue = {61},
 month = {February},
 year = {1977},
 issn = {0163-5719},
 pages = {39--40},
 numpages = {2},
 url = {http://doi.acm.org/10.1145/1045283.1045309},
 doi = {http://doi.acm.org/10.1145/1045283.1045309},
 acmid = {1045309},
 publisher = {ACM},
 address = {New York, NY, USA},
} 



@article{Simmons:1965:AEQ:363707.363732,
 author = {Simmons, R. F.},
 title = {Answering English questions by computer: a survey},
 journal = {Commun. ACM},
 volume = {8},
 issue = {1},
 month = {January},
 year = {1965},
 issn = {0001-0782},
 pages = {53--70},
 numpages = {18},
 url = {http://doi.acm.org/10.1145/363707.363732},
 doi = {http://doi.acm.org/10.1145/363707.363732},
 acmid = {363732},
 publisher = {ACM},
 address = {New York, NY, USA},
} 


@book{Harris:1962,
	author={Harris, Z. S.},
	title={String analysis of sentence structure},
	year={1962},
	publisher={Mouton},
	address={The Hague, Netherlands}
}


@inbook{Lindsay:1995:IMB:216408.216426,
 author = {Lindsay, Robert K.},
 title = {Inferential memory as the basis of machines which understand natural language},
 book = {Computers \& thought},
 year = {1995},
 isbn = {0-262-56092-5},
 pages = {217--233},
 numpages = {17},
 url = {http://dl.acm.org/citation.cfm?id=216408.216426},
 acmid = {216426},
 publisher = {MIT Press},
 address = {Cambridge, MA, USA},
} 


@article{FerrucciBCFGKLMNPSW10,
  author    = {David A. Ferrucci and
               Eric W. Brown and
               Jennifer Chu-Carroll and
               James Fan and
               David Gondek and
               Aditya Kalyanpur and
               Adam Lally and
               J. William Murdock and
               Eric Nyberg and
               John M. Prager and
               Nico Schlaefer and
               Christopher A. Welty},
  title     = {Building Watson: An Overview of the DeepQA Project},
  journal   = {AI Magazine},
  volume    = {31},
  number    = {3},
  year      = {2010},
  pages     = {59-79},
  ee        = {http://www.aaai.org/ojs/index.php/aimagazine/article/view/2303},
  bibsource = {DBLP, http://dblp.uni-trier.de}
}


@article{Woods:1970:TNG:355598.362773,
 author = {Woods, W. A.},
 title = {Transition network grammars for natural language analysis},
 journal = {Commun. ACM},
 issue_date = {Oct. 1970},
 volume = {13},
 issue = {10},
 month = {October},
 year = {1970},
 issn = {0001-0782},
 pages = {591--606},
 numpages = {16},
 url = {http://doi.acm.org/10.1145/355598.362773},
 doi = {http://doi.acm.org/10.1145/355598.362773},
 acmid = {362773},
 publisher = {ACM},
 address = {New York, NY, USA},
 keywords = {computational linguistics, grammar models, grammars, linguistics, natural languages analysis, parsing, semantic interpretation, transformational grammars, transition network grammars},
} 

@article{Warren:1982:EEA:972942.972944,
 author = {Warren, David H. D. and Pereira, Fernando C. N.},
 title = {An efficient easily adaptable system for interpreting natural language queries},
 journal = {Comput. Linguist.},
 issue_date = {July-December 1982},
 volume = {8},
 issue = {3-4},
 month = jul,
 year = {1982},
 issn = {0891-2017},
 pages = {110--122},
 numpages = {13},
 url = {http://dl.acm.org/citation.cfm?id=972942.972944},
 acmid = {972944},
 publisher = {MIT Press},
 address = {Cambridge, MA, USA},
} 




@inproceedings{Colmerauer:1978:MG:646552.694421,
 author = {Colmerauer, Alain},
 title = {Metamorphosis Grammars},
 booktitle = {Natural Language Communication with Computers},
 year = {1978},
 isbn = {3-540-08911-X},
 pages = {133--189},
 numpages = {57},
 url = {http://dl.acm.org/citation.cfm?id=646552.694421},
 acmid = {694421},
 publisher = {Springer-Verlag},
 address = {London, UK},
} 


@INPROCEEDINGS{Androutsopoulos93masque,
    author = {I. Androutsopoulos and G. Ritchie and P. Thanisch},
    title = {MASQUE/SQL - An Efficient and Portable Natural Language Query Interface for Relational Databases},
    booktitle = {Proceedings of the 6th International Conference on Industrial \& Engineering Applications of Artificial Intelligence and Expert Systems},
    year = {1993},
    pages = {327--330},
    publisher = {Gordon and Breach Publishers Inc}
}



@INPROCEEDINGS{Kaufmann06querix:a,
    author = {Esther Kaufmann and Abraham Bernstein and Renato Zumstein},
    title = {Querix: A Natural Language Interface to Query Ontologies Based on Clarification Dialogs},
    booktitle = {In: 5th ISWC},
    year = {2006},
    pages = {980--981},
    publisher = {Springer}
}


@article{Hearst:2011:NSU:2018396.2018414,
 author = {Hearst, Marti A.},
 title = {`Natural' search user interfaces},
 journal = {Commun. ACM},
 issue_date = {November 2011},
 volume = {54},
 number = {11},
 month = nov,
 year = {2011},
 issn = {0001-0782},
 pages = {60--67},
 numpages = {8},
 url = {http://doi.acm.org/10.1145/2018396.2018414},
 doi = {10.1145/2018396.2018414},
 acmid = {2018414},
 publisher = {ACM},
 address = {New York, NY, USA},
} 

@inproceedings{Lee:2002:NLI:1072228.1072351,
 author = {Lee, Hodong and Park, Jong C.},
 title = {Natural language interpretations for heterogeneous database access},
 booktitle = {Proceedings of the 19th international conference on Computational linguistics - Volume 1},
 series = {COLING '02},
 year = {2002},
 location = {Taipei, Taiwan},
 pages = {1--7},
 numpages = {7},
 url = {http://dx.doi.org/10.3115/1072228.1072351},
 doi = {http://dx.doi.org/10.3115/1072228.1072351},
 acmid = {1072351},
 publisher = {Association for Computational Linguistics},
 address = {Stroudsburg, PA, USA},
} 


@inproceedings{Nelken:2000:QTD:992730.992808,
 author = {Nelken, Rani and Francez, Nissim},
 title = {Querying temporal databases using controlled natural language},
 booktitle = {Proceedings of the 18th conference on Computational linguistics - Volume 2},
 series = {COLING '00},
 year = {2000},
 location = {Saarbr\&\#252;cken, Germany},
 pages = {1076--1080},
 numpages = {5},
 url = {http://dx.doi.org/10.3115/992730.992808},
 doi = {http://dx.doi.org/10.3115/992730.992808},
 acmid = {992808},
 publisher = {Association for Computational Linguistics},
 address = {Stroudsburg, PA, USA},
} 

@inproceedings{Yates:2003:RNL:604045.604075,
 author = {Yates, Alexander and Etzioni, Oren and Weld, Daniel},
 title = {A reliable natural language interface to household appliances},
 booktitle = {Proceedings of the 8th international conference on Intelligent user interfaces},
 series = {IUI '03},
 year = {2003},
 isbn = {1-58113-586-6},
 location = {Miami, Florida, USA},
 pages = {189--196},
 numpages = {8},
 url = {http://doi.acm.org/10.1145/604045.604075},
 doi = {http://doi.acm.org/10.1145/604045.604075},
 acmid = {604075},
 publisher = {ACM},
 address = {New York, NY, USA},
 keywords = {appliance, database, natural language interface, planner},
} 

@inproceedings{Kaufmann:2007:UNL:1785162.1785184,
 author = {Kaufmann, Esther and Bernstein, Abraham},
 title = {How useful are natural language interfaces to the semantic web for casual end-users?},
 booktitle = {Proceedings of the 6th international The semantic web and 2nd Asian conference on Asian semantic web conference},
 series = {ISWC'07/ASWC'07},
 year = {2007},
 isbn = {3-540-76297-3, 978-3-540-76297-3},
 location = {Busan, Korea},
 pages = {281--294},
 numpages = {14},
 url = {http://dl.acm.org/citation.cfm?id=1785162.1785184},
 acmid = {1785184},
 publisher = {Springer-Verlag},
 address = {Berlin, Heidelberg},
}

@inproceedings{Fleischman:2006:TAS:1111449.1111467,
 author = {Fleischman, Michael and Hovy, Eduard},
 title = {Taking advantage of the situation: non-linguistic context for natural language interfaces to interactive virtual environments},
 booktitle = {Proceedings of the 11th international conference on Intelligent user interfaces},
 series = {IUI '06},
 year = {2006},
 isbn = {1-59593-287-9},
 location = {Sydney, Australia},
 pages = {47--54},
 numpages = {8},
 url = {http://doi.acm.org/10.1145/1111449.1111467},
 doi = {http://doi.acm.org/10.1145/1111449.1111467},
 acmid = {1111467},
 publisher = {ACM},
 address = {New York, NY, USA},
 keywords = {interactive virtual environments, mission rehearsal exercise, natural language interfaces/understanding, non-linguistic context, plan recognition, situated NLI, situation models},
} 


@inproceedings{Han:2010:NLI:1719970.1720022,
 author = {Han, Yong-Jin and Noh, Tae-Gil and Park, Seong-Bae and Park, Se Young and Lee, Sang-Jo},
 title = {A natural language interface of thorough coverage by concordance with knowledge bases},
 booktitle = {Proceedings of the 15th international conference on Intelligent user interfaces},
 series = {IUI '10},
 year = {2010},
 isbn = {978-1-60558-515-4},
 location = {Hong Kong, China},
 pages = {325--328},
 numpages = {4},
 url = {http://doi.acm.org/10.1145/1719970.1720022},
 doi = {http://doi.acm.org/10.1145/1719970.1720022},
 acmid = {1720022},
 publisher = {ACM},
 address = {New York, NY, USA},
 keywords = {knowledge base, knowledge concordance, natural language interface, ontology},
}

@article{Minock:2010:CSB:1715942.1716190,
 author = {Minock, Michael},
 title = {C-Phrase: A system for building robust natural language interfaces to databases},
 journal = {Data Knowl. Eng.},
 issue_date = {March, 2010},
 volume = {69},
 issue = {3},
 month = {March},
 year = {2010},
 issn = {0169-023X},
 pages = {290--302},
 numpages = {13},
 url = {http://dx.doi.org/10.1016/j.datak.2009.10.007},
 doi = {http://dx.doi.org/10.1016/j.datak.2009.10.007},
 acmid = {1716190},
 publisher = {Elsevier Science Publishers B. V.},
 address = {Amsterdam, The Netherlands, The Netherlands},
} 

@article{DBLP:journals/semweb/LopezUSM11,
  author    = {Vanessa Lopez and
               Victoria S. Uren and
               Marta Sabou and
               Enrico Motta},
  title     = {Is Question Answering fit for the Semantic Web?: A survey},
  journal   = {Semantic Web},
  volume    = {2},
  number    = {2},
  year      = {2011},
  pages     = {125-155},
  ee        = {http://dx.doi.org/10.3233/SW-2011-0041},
  bibsource = {DBLP, http://dblp.uni-trier.de}
}


@inproceedings{Miller:1996:FSA:981863.981871,
 author = {Miller, Scott and Stallard, David and Bobrow, Robert and Schwartz, Richard},
 title = {A fully statistical approach to natural language interfaces},
 booktitle = {Proceedings of the 34th annual meeting on Association for Computational Linguistics},
 series = {ACL '96},
 year = {1996},
 location = {Santa Cruz, California},
 pages = {55--61},
 numpages = {7},
 url = {http://dx.doi.org/10.3115/981863.981871},
 doi = {http://dx.doi.org/10.3115/981863.981871},
 acmid = {981871},
 publisher = {Association for Computational Linguistics},
 address = {Stroudsburg, PA, USA},
} 


@inproceedings{Giordani:2009:SSK:1617768.1617815,
 author = {Giordani, Alessandra and Moschitti, Alessandro},
 title = {Syntactic Structural Kernels for Natural Language Interfaces to Databases},
 booktitle = {Proceedings of the European Conference on Machine Learning and Knowledge Discovery in Databases: Part I},
 series = {ECML PKDD '09},
 year = {2009},
 isbn = {978-3-642-04179-2},
 location = {Bled, Slovenia},
 pages = {391--406},
 numpages = {16},
 acmid = {1617815},
 publisher = {Springer-Verlag},
 address = {Berlin, Heidelberg},
 keywords = {Kernel Methods, Natural Language Processing, Support Vector Machines}
} 


@INPROCEEDINGS{Damljanovic10h.:natural,
    author = {Danica Damljanovic and Milan Agatonovic and Hamish Cunningham},
    title = {H.: Natural Language Interfaces to Ontologies: Combining Syntactic Analysis and Ontology-based Lookup through the User Interaction},
    booktitle = {In: Proceedings of the 7th Extended Semantic Web Conference (ESWC 2010). Lecture Notes in Computer Science},
    year = {2010},
    publisher = {SpringerVerlag}
}




@article{Thompson:2003:AWM:1622420.1622421,
 author = {Thompson, Cynthia A. and Mooney, Raymond J.},
 title = {Acquiring word-meaning mappings for natural language interfaces},
 journal = {J. Artif. Int. Res.},
 issue_date = {January 2003},
 volume = {18},
 number = {1},
 month = jan,
 year = {2003},
 issn = {1076-9757},
 pages = {1--44},
 numpages = {44},
 url = {http://dl.acm.org/citation.cfm?id=1622420.1622421},
 acmid = {1622421},
 publisher = {AI Access Foundation},
 address = {USA},
} 



@article{Norman:1994:MPI:176789.176796,
 author = {Norman, Donald A.},
 title = {How might people interact with agents},
 journal = {Commun. ACM},
 issue_date = {July 1994},
 volume = {37},
 number = {7},
 month = jul,
 year = {1994},
 issn = {0001-0782},
 pages = {68--71},
 numpages = {4},
 url = {http://doi.acm.org/10.1145/176789.176796},
 doi = {10.1145/176789.176796},
 acmid = {176796},
 publisher = {ACM},
 address = {New York, NY, USA},
} 

@article{Shneiderman:1997:DMV:267505.267514,
 author = {Shneiderman, Ben and Maes, Pattie},
 title = {Direct manipulation vs. interface agents},
 journal = {interactions},
 issue_date = {Nov./Dec. 1997},
 volume = {4},
 number = {6},
 month = nov,
 year = {1997},
 issn = {1072-5520},
 pages = {42--61},
 numpages = {20},
 url = {http://doi.acm.org/10.1145/267505.267514},
 doi = {10.1145/267505.267514},
 acmid = {267514},
 publisher = {ACM},
 address = {New York, NY, USA},
} 


@inproceedings{Garcia:2006:AOQ:1225785.1225790,
 author = {Garcia, Vanessa Lopez and Motta, Enrico and Uren, Victoria},
 title = {AquaLog: an ontology-driven question answering system to interface the semantic web},
 booktitle = {Proceedings of the 2006 Conference of the North American Chapter of the Association for Computational Linguistics on Human Language Technology: companion volume: demonstrations},
 series = {NAACL-Demonstrations '06},
 year = {2006},
 location = {New York, New York},
 pages = {269--272},
 numpages = {4},
 url = {http://dx.doi.org/10.3115/1225785.1225790},
 doi = {10.3115/1225785.1225790},
 acmid = {1225790},
 publisher = {Association for Computational Linguistics},
 address = {Stroudsburg, PA, USA},
} 


@inproceedings{Saquete:2004:SCT:1218955.1219027,
 author = {Saquete, E. and Mart\'{\i}nez-Barco, P. and Mu\~{n}oz, R. and Vicedo, J. L.},
 title = {Splitting complex temporal questions for question answering systems},
 booktitle = {Proceedings of the 42nd Annual Meeting on Association for Computational Linguistics},
 series = {ACL '04},
 year = {2004},
 location = {Barcelona, Spain},
 articleno = {566},
 url = {http://dx.doi.org/10.3115/1218955.1219027},
 doi = {10.3115/1218955.1219027},
 acmid = {1219027},
 publisher = {Association for Computational Linguistics},
 address = {Stroudsburg, PA, USA},
} 







@article{Soricut:2006:AQA:1127331.1127342,
 author = {Soricut, Radu and Brill, Eric},
 title = {Automatic question answering using the web: Beyond the Factoid},
 journal = {Inf. Retr.},
 issue_date = {March     2006},
 volume = {9},
 number = {2},
 month = mar,
 year = {2006},
 issn = {1386-4564},
 pages = {191--206},
 numpages = {16},
 url = {http://dx.doi.org/10.1007/s10791-006-7149-y},
 doi = {10.1007/s10791-006-7149-y},
 acmid = {1127342},
 publisher = {Kluwer Academic Publishers},
 address = {Hingham, MA, USA},
} 

