@Misc{ Klyne04:RDFconcepts,
	author = {Graham Klyne and Jeremy J. Carroll},
	title = {Resource Description Framework ({RDF}): Concepts and Abstract Syntax},
	month = feb,
	year = {2004},
	howpublished = {W3C Recommendation}
}

@Misc{ Hayes04:RDFsemantics,
	author = {Patrick Hayes},
	title = {{RDF} Semantics},
	month = feb,
	year = {2004},
	howpublished = {W3C Recommendation}
}

@inproceedings{swap2004,
    author = {Mauro Mazzieri},
    booktitle = {Proc. of the 1st Workshop on Semantic Web Applications and Perspectives (SWAP)},
    citeulike-article-id = {6723967},
    title = {A Fuzzy {RDF} Semantics to Represent Trust Metadata},
    year = {2004}
}

@inproceedings{DBLP:conf/semweb/MazzieriD05,
  author    = {Mauro Mazzieri and
               Aldo Franco Dragoni},
  title     = {A Fuzzy Semantics for Semantic Web Languages},
  booktitle = {Proc. of the ISWC Workshop on Uncertainty Reasoning for the Semantic Web (URSW)},
  year      = {2005},,
  crossref  = {DBLP:conf/semweb/2005ursw},
  bibsource = {DBLP, http://dblp.uni-trier.de}
}

@article{DBLP:journals/tkde/GutierrezHV07,
  author    = {Claudio Gutierrez and
               Carlos A. Hurtado and
               Alejandro A. Vaisman},
  title     = {Introducing Time into {RDF}},
  journal   = {IEEE Trans. Knowl. Data Eng.},
  volume    = {19},
  number    = {2},
  year      = {2007},
  ee        = {http://dx.doi.org/10.1109/TKDE.2007.34},
  bibsource = {DBLP, http://dblp.uni-trier.de}
}

@inproceedings{DBLP:conf/esws/Hartig09,
  author    = {Olaf Hartig},
  title     = {Querying Trust in {RDF} Data with {tSPARQL}},
  booktitle = {Proc. of ESWC},
  year      = {2009},
  ee        = {http://dx.doi.org/10.1007/978-3-642-02121-3_5},
  crossref  = {DBLP:conf/esws/2009},
  bibsource = {DBLP, http://dblp.uni-trier.de}
}

@inproceedings{DBLP:conf/rr/Straccia09,
  author    = {Umberto Straccia},
  title     = {A Minimal Deductive System for General Fuzzy {RDF}},
  booktitle = {Proc. of RR},
  year      = {2009},
  ee        = {http://dx.doi.org/10.1007/978-3-642-05082-4_12},
  crossref  = {DBLP:conf/rr/2009},
  bibsource = {DBLP, http://dblp.uni-trier.de}
}



@article{DBLP:journals/ws/ZimmermannLPS12,
  author    = {Antoine Zimmermann and
               Nuno Lopes and
               Axel Polleres and
               Umberto Straccia},
  title     = {A general framework for representing, reasoning and querying with annotated Semantic Web data},
  journal   = {J. Web Sem.},
  volume    = {11},
  year      = {2012},
  ee        = {http://dx.doi.org/10.1016/j.websem.2011.08.006},
  bibsource = {DBLP, http://dblp.uni-trier.de}
}

@inproceedings{DBLP:conf/semweb/LopesPSZ10,
  author    = {Nuno Lopes and
               Axel Polleres and
               Umberto Straccia and
               Antoine Zimmermann},
  title     = {{AnQL}: {SPARQLing} Up Annotated {RDFs}},
  booktitle = {Proc. of ISWC},
  year      = {2010},
  ee        = {http://dx.doi.org/10.1007/978-3-642-17746-0_33},
  crossref  = {DBLP:conf/semweb/2010-1},
  bibsource = {DBLP, http://dblp.uni-trier.de}
}

@inproceedings{DBLP:conf/www/SchuelerSST08,
  author    = {Bernhard Schueler and
               Sergej Sizov and
               Steffen Staab and
               Duc Thanh Tran},
  title     = {Querying for meta knowledge},
  booktitle = {Proc. of the 17th International World Wide Web Conference (WWW)},
  year      = {2008},
  ee        = {http://doi.acm.org/10.1145/1367497.1367582},
  crossref  = {DBLP:conf/www/2008},
  bibsource = {DBLP, http://dblp.uni-trier.de}
}

@inproceedings{DBLP:conf/aaai/TranHMGH08,
  author    = {Thanh Tran and
               Peter Haase and
               Boris Motik and
               Bernardo Cuenca Grau and
               Ian Horrocks},
  title     = {Metalevel Information in Ontology-Based Applications},
  booktitle = {Proc. of the 23rd AAAI Conference on Artificial Intelligence},
  year      = {2008},
  crossref  = {DBLP:conf/aaai/2008},
  bibsource = {DBLP, http://dblp.uni-trier.de}
}

@article{DBLP:journals/ws/CarrollBHS05,
  author    = {Jeremy J. Carroll and
               Christian Bizer and
               Patrick J. Hayes and
               Patrick Stickler},
  title     = {Named Graphs},
  journal   = {J. Web Sem.},
  volume    = {3},
  number    = {4},
  year      = {2005},
  ee        = {http://dx.doi.org/10.1016/j.websem.2005.09.001},
  bibsource = {DBLP, http://dblp.uni-trier.de}
}

@article{ Perez09:SemanticsAndComplexityOfSPARQL,
  author = {Jorge P\'{e}rez and Marcelo Arenas and Claudio Gutierrez},
  title = {Semantics and Complexity of {SPARQL}},
  journal = {ACM Transactions on Database Systems},
  volume = {34},
  number = {3},
  year = {2009}
}